%YAML 1.1
%TAG !u! tag:unity3d.com,2011:
--- !u!1 &104354
GameObject:
  m_ObjectHideFlags: 1
  m_PrefabParentObject: {fileID: 0}
  m_PrefabInternal: {fileID: 100100000}
  serializedVersion: 4
  m_Component:
  - 4: {fileID: 408268}
  m_Layer: 0
  m_Name: RightHandRing3
  m_TagString: Untagged
  m_Icon: {fileID: 0}
  m_NavMeshLayer: 0
  m_StaticEditorFlags: 0
  m_IsActive: 1
--- !u!1 &106068
GameObject:
  m_ObjectHideFlags: 1
  m_PrefabParentObject: {fileID: 0}
  m_PrefabInternal: {fileID: 100100000}
  serializedVersion: 4
  m_Component:
  - 4: {fileID: 424132}
  m_Layer: 0
  m_Name: spotLight4
  m_TagString: Untagged
  m_Icon: {fileID: 0}
  m_NavMeshLayer: 0
  m_StaticEditorFlags: 0
  m_IsActive: 1
--- !u!1 &106778
GameObject:
  m_ObjectHideFlags: 1
  m_PrefabParentObject: {fileID: 0}
  m_PrefabInternal: {fileID: 100100000}
  serializedVersion: 4
  m_Component:
  - 4: {fileID: 479944}
  m_Layer: 0
  m_Name: LeftHandRing3
  m_TagString: Untagged
  m_Icon: {fileID: 0}
  m_NavMeshLayer: 0
  m_StaticEditorFlags: 0
  m_IsActive: 1
--- !u!1 &106942
GameObject:
  m_ObjectHideFlags: 1
  m_PrefabParentObject: {fileID: 0}
  m_PrefabInternal: {fileID: 100100000}
  serializedVersion: 4
  m_Component:
  - 4: {fileID: 466104}
  m_Layer: 0
  m_Name: LeftHandRing4
  m_TagString: Untagged
  m_Icon: {fileID: 0}
  m_NavMeshLayer: 0
  m_StaticEditorFlags: 0
  m_IsActive: 1
--- !u!1 &108100
GameObject:
  m_ObjectHideFlags: 1
  m_PrefabParentObject: {fileID: 0}
  m_PrefabInternal: {fileID: 100100000}
  serializedVersion: 4
  m_Component:
  - 4: {fileID: 465282}
  m_Layer: 0
  m_Name: LeftHandIndex2
  m_TagString: Untagged
  m_Icon: {fileID: 0}
  m_NavMeshLayer: 0
  m_StaticEditorFlags: 0
  m_IsActive: 1
--- !u!1 &108338
GameObject:
  m_ObjectHideFlags: 1
  m_PrefabParentObject: {fileID: 0}
  m_PrefabInternal: {fileID: 100100000}
  serializedVersion: 4
  m_Component:
  - 4: {fileID: 466790}
  - 65: {fileID: 6527516}
  - 54: {fileID: 5473042}
  - 144: {fileID: 14496226}
  - 114: {fileID: 11442964}
  m_Layer: 0
  m_Name: Spine
  m_TagString: Untagged
  m_Icon: {fileID: 0}
  m_NavMeshLayer: 0
  m_StaticEditorFlags: 0
  m_IsActive: 1
--- !u!1 &108456
GameObject:
  m_ObjectHideFlags: 1
  m_PrefabParentObject: {fileID: 0}
  m_PrefabInternal: {fileID: 100100000}
  serializedVersion: 4
  m_Component:
  - 4: {fileID: 401182}
  - 136: {fileID: 13609236}
  - 54: {fileID: 5461926}
  - 144: {fileID: 14473714}
  - 114: {fileID: 11471744}
  m_Layer: 0
  m_Name: LeftForeArm
  m_TagString: Untagged
  m_Icon: {fileID: 0}
  m_NavMeshLayer: 0
  m_StaticEditorFlags: 0
  m_IsActive: 1
--- !u!1 &109098
GameObject:
  m_ObjectHideFlags: 0
  m_PrefabParentObject: {fileID: 0}
  m_PrefabInternal: {fileID: 100100000}
  serializedVersion: 4
  m_Component:
  - 4: {fileID: 459280}
  - 137: {fileID: 13717552}
  m_Layer: 0
  m_Name: c_L_gland
  m_TagString: Untagged
  m_Icon: {fileID: 0}
  m_NavMeshLayer: 0
  m_StaticEditorFlags: 0
  m_IsActive: 1
--- !u!1 &110254
GameObject:
  m_ObjectHideFlags: 1
  m_PrefabParentObject: {fileID: 0}
  m_PrefabInternal: {fileID: 100100000}
  serializedVersion: 4
  m_Component:
  - 4: {fileID: 430546}
  m_Layer: 0
  m_Name: RightHandIndex4
  m_TagString: Untagged
  m_Icon: {fileID: 0}
  m_NavMeshLayer: 0
  m_StaticEditorFlags: 0
  m_IsActive: 1
--- !u!1 &112020
GameObject:
  m_ObjectHideFlags: 1
  m_PrefabParentObject: {fileID: 0}
  m_PrefabInternal: {fileID: 100100000}
  serializedVersion: 4
  m_Component:
  - 4: {fileID: 481752}
  m_Layer: 0
  m_Name: RightHandPinky2
  m_TagString: Untagged
  m_Icon: {fileID: 0}
  m_NavMeshLayer: 0
  m_StaticEditorFlags: 0
  m_IsActive: 1
--- !u!1 &113718
GameObject:
  m_ObjectHideFlags: 0
  m_PrefabParentObject: {fileID: 0}
  m_PrefabInternal: {fileID: 100100000}
  serializedVersion: 4
  m_Component:
  - 4: {fileID: 453016}
  - 137: {fileID: 13753172}
  m_Layer: 0
  m_Name: c_TeethUp
  m_TagString: Untagged
  m_Icon: {fileID: 0}
  m_NavMeshLayer: 0
  m_StaticEditorFlags: 0
  m_IsActive: 1
--- !u!1 &119090
GameObject:
  m_ObjectHideFlags: 1
  m_PrefabParentObject: {fileID: 0}
  m_PrefabInternal: {fileID: 100100000}
  serializedVersion: 4
  m_Component:
  - 4: {fileID: 402440}
  m_Layer: 0
  m_Name: LeftHandThumb1
  m_TagString: Untagged
  m_Icon: {fileID: 0}
  m_NavMeshLayer: 0
  m_StaticEditorFlags: 0
  m_IsActive: 1
--- !u!1 &119170
GameObject:
  m_ObjectHideFlags: 1
  m_PrefabParentObject: {fileID: 0}
  m_PrefabInternal: {fileID: 100100000}
  serializedVersion: 4
  m_Component:
  - 4: {fileID: 458548}
  m_Layer: 0
  m_Name: RightToeBase
  m_TagString: Untagged
  m_Icon: {fileID: 0}
  m_NavMeshLayer: 0
  m_StaticEditorFlags: 0
  m_IsActive: 1
--- !u!1 &119182
GameObject:
  m_ObjectHideFlags: 1
  m_PrefabParentObject: {fileID: 0}
  m_PrefabInternal: {fileID: 100100000}
  serializedVersion: 4
  m_Component:
  - 4: {fileID: 458790}
  m_Layer: 0
  m_Name: HeadEnd
  m_TagString: Untagged
  m_Icon: {fileID: 0}
  m_NavMeshLayer: 0
  m_StaticEditorFlags: 0
  m_IsActive: 1
--- !u!1 &120006
GameObject:
  m_ObjectHideFlags: 0
  m_PrefabParentObject: {fileID: 0}
  m_PrefabInternal: {fileID: 100100000}
  serializedVersion: 4
  m_Component:
  - 4: {fileID: 445270}
  - 137: {fileID: 13797884}
  m_Layer: 0
  m_Name: c_R_gland
  m_TagString: Untagged
  m_Icon: {fileID: 0}
  m_NavMeshLayer: 0
  m_StaticEditorFlags: 0
  m_IsActive: 1
--- !u!1 &120344
GameObject:
  m_ObjectHideFlags: 1
  m_PrefabParentObject: {fileID: 0}
  m_PrefabInternal: {fileID: 100100000}
  serializedVersion: 4
  m_Component:
  - 4: {fileID: 481340}
  m_Layer: 0
  m_Name: RightHandMiddle1
  m_TagString: Untagged
  m_Icon: {fileID: 0}
  m_NavMeshLayer: 0
  m_StaticEditorFlags: 0
  m_IsActive: 1
--- !u!1 &121052
GameObject:
  m_ObjectHideFlags: 0
  m_PrefabParentObject: {fileID: 0}
  m_PrefabInternal: {fileID: 100100000}
  serializedVersion: 4
  m_Component:
  - 4: {fileID: 451158}
  - 137: {fileID: 13788146}
  m_Layer: 0
  m_Name: c_L_eye
  m_TagString: Untagged
  m_Icon: {fileID: 0}
  m_NavMeshLayer: 0
  m_StaticEditorFlags: 0
  m_IsActive: 1
--- !u!1 &121206
GameObject:
  m_ObjectHideFlags: 1
  m_PrefabParentObject: {fileID: 0}
  m_PrefabInternal: {fileID: 100100000}
  serializedVersion: 4
  m_Component:
  - 4: {fileID: 488078}
  m_Layer: 0
  m_Name: LeftHandIndex3
  m_TagString: Untagged
  m_Icon: {fileID: 0}
  m_NavMeshLayer: 0
  m_StaticEditorFlags: 0
  m_IsActive: 1
--- !u!1 &121420
GameObject:
  m_ObjectHideFlags: 1
  m_PrefabParentObject: {fileID: 0}
  m_PrefabInternal: {fileID: 100100000}
  serializedVersion: 4
  m_Component:
  - 4: {fileID: 448396}
  m_Layer: 0
  m_Name: RightHand
  m_TagString: Untagged
  m_Icon: {fileID: 0}
  m_NavMeshLayer: 0
  m_StaticEditorFlags: 0
  m_IsActive: 1
--- !u!1 &121924
GameObject:
  m_ObjectHideFlags: 1
  m_PrefabParentObject: {fileID: 0}
  m_PrefabInternal: {fileID: 100100000}
  serializedVersion: 4
  m_Component:
  - 4: {fileID: 496238}
  m_Layer: 0
  m_Name: LeftHandThumb2
  m_TagString: Untagged
  m_Icon: {fileID: 0}
  m_NavMeshLayer: 0
  m_StaticEditorFlags: 0
  m_IsActive: 1
--- !u!1 &124686
GameObject:
  m_ObjectHideFlags: 1
  m_PrefabParentObject: {fileID: 0}
  m_PrefabInternal: {fileID: 100100000}
  serializedVersion: 4
  m_Component:
  - 4: {fileID: 497468}
  m_Layer: 0
  m_Name: RightShoulder
  m_TagString: Untagged
  m_Icon: {fileID: 0}
  m_NavMeshLayer: 0
  m_StaticEditorFlags: 0
  m_IsActive: 1
--- !u!1 &125596
GameObject:
  m_ObjectHideFlags: 1
  m_PrefabParentObject: {fileID: 0}
  m_PrefabInternal: {fileID: 100100000}
  serializedVersion: 4
  m_Component:
  - 4: {fileID: 410322}
  m_Layer: 0
  m_Name: RightToeEnd
  m_TagString: Untagged
  m_Icon: {fileID: 0}
  m_NavMeshLayer: 0
  m_StaticEditorFlags: 0
  m_IsActive: 1
--- !u!1 &126838
GameObject:
  m_ObjectHideFlags: 1
  m_PrefabParentObject: {fileID: 0}
  m_PrefabInternal: {fileID: 100100000}
  serializedVersion: 4
  m_Component:
  - 4: {fileID: 472474}
  - 136: {fileID: 13661856}
  - 54: {fileID: 5468392}
  - 144: {fileID: 14451828}
  - 114: {fileID: 11410952}
  m_Layer: 0
  m_Name: RightUpLeg
  m_TagString: Untagged
  m_Icon: {fileID: 0}
  m_NavMeshLayer: 0
  m_StaticEditorFlags: 0
  m_IsActive: 1
--- !u!1 &128794
GameObject:
  m_ObjectHideFlags: 1
  m_PrefabParentObject: {fileID: 0}
  m_PrefabInternal: {fileID: 100100000}
  serializedVersion: 4
  m_Component:
  - 4: {fileID: 461570}
  - 136: {fileID: 13667332}
  - 54: {fileID: 5435832}
  - 144: {fileID: 14496932}
  - 114: {fileID: 11451656}
  m_Layer: 0
  m_Name: RightForeArm
  m_TagString: Untagged
  m_Icon: {fileID: 0}
  m_NavMeshLayer: 0
  m_StaticEditorFlags: 0
  m_IsActive: 1
--- !u!1 &129096
GameObject:
  m_ObjectHideFlags: 1
  m_PrefabParentObject: {fileID: 0}
  m_PrefabInternal: {fileID: 100100000}
  serializedVersion: 4
  m_Component:
  - 4: {fileID: 449498}
  m_Layer: 0
  m_Name: RightHandPinky1
  m_TagString: Untagged
  m_Icon: {fileID: 0}
  m_NavMeshLayer: 0
  m_StaticEditorFlags: 0
  m_IsActive: 1
--- !u!1 &130224
GameObject:
  m_ObjectHideFlags: 1
  m_PrefabParentObject: {fileID: 0}
  m_PrefabInternal: {fileID: 100100000}
  serializedVersion: 4
  m_Component:
  - 4: {fileID: 406060}
  m_Layer: 0
  m_Name: RightHandMiddle4
  m_TagString: Untagged
  m_Icon: {fileID: 0}
  m_NavMeshLayer: 0
  m_StaticEditorFlags: 0
  m_IsActive: 1
--- !u!1 &130456
GameObject:
  m_ObjectHideFlags: 1
  m_PrefabParentObject: {fileID: 0}
  m_PrefabInternal: {fileID: 100100000}
  serializedVersion: 4
  m_Component:
  - 4: {fileID: 499854}
  - 136: {fileID: 13677966}
  - 54: {fileID: 5447408}
  - 144: {fileID: 14413466}
  - 114: {fileID: 11471630}
  m_Layer: 0
  m_Name: LeftLeg
  m_TagString: Untagged
  m_Icon: {fileID: 0}
  m_NavMeshLayer: 0
  m_StaticEditorFlags: 0
  m_IsActive: 1
--- !u!1 &130986
GameObject:
  m_ObjectHideFlags: 1
  m_PrefabParentObject: {fileID: 0}
  m_PrefabInternal: {fileID: 100100000}
  serializedVersion: 4
  m_Component:
  - 4: {fileID: 491776}
  m_Layer: 0
  m_Name: LeftHandMiddle1
  m_TagString: Untagged
  m_Icon: {fileID: 0}
  m_NavMeshLayer: 0
  m_StaticEditorFlags: 0
  m_IsActive: 1
--- !u!1 &131504
GameObject:
  m_ObjectHideFlags: 1
  m_PrefabParentObject: {fileID: 0}
  m_PrefabInternal: {fileID: 100100000}
  serializedVersion: 4
  m_Component:
  - 4: {fileID: 441034}
  m_Layer: 0
  m_Name: RightHandRing4
  m_TagString: Untagged
  m_Icon: {fileID: 0}
  m_NavMeshLayer: 0
  m_StaticEditorFlags: 0
  m_IsActive: 1
--- !u!1 &133244
GameObject:
  m_ObjectHideFlags: 1
  m_PrefabParentObject: {fileID: 0}
  m_PrefabInternal: {fileID: 100100000}
  serializedVersion: 4
  m_Component:
  - 4: {fileID: 440728}
  m_Layer: 0
  m_Name: LeftEye
  m_TagString: Untagged
  m_Icon: {fileID: 0}
  m_NavMeshLayer: 0
  m_StaticEditorFlags: 0
  m_IsActive: 1
--- !u!1 &133520
GameObject:
  m_ObjectHideFlags: 0
  m_PrefabParentObject: {fileID: 0}
  m_PrefabInternal: {fileID: 100100000}
  serializedVersion: 4
  m_Component:
  - 4: {fileID: 478604}
  m_Layer: 0
  m_Name: Lights
  m_TagString: Untagged
  m_Icon: {fileID: 0}
  m_NavMeshLayer: 0
  m_StaticEditorFlags: 0
  m_IsActive: 1
--- !u!1 &135892
GameObject:
  m_ObjectHideFlags: 1
  m_PrefabParentObject: {fileID: 0}
  m_PrefabInternal: {fileID: 100100000}
  serializedVersion: 4
  m_Component:
  - 4: {fileID: 489830}
  m_Layer: 0
  m_Name: RightFoot
  m_TagString: Untagged
  m_Icon: {fileID: 0}
  m_NavMeshLayer: 0
  m_StaticEditorFlags: 0
  m_IsActive: 1
--- !u!1 &135920
GameObject:
  m_ObjectHideFlags: 1
  m_PrefabParentObject: {fileID: 0}
  m_PrefabInternal: {fileID: 100100000}
  serializedVersion: 4
  m_Component:
  - 4: {fileID: 430958}
  m_Layer: 0
  m_Name: LeftHandRing1
  m_TagString: Untagged
  m_Icon: {fileID: 0}
  m_NavMeshLayer: 0
  m_StaticEditorFlags: 0
  m_IsActive: 1
--- !u!1 &136762
GameObject:
  m_ObjectHideFlags: 1
  m_PrefabParentObject: {fileID: 0}
  m_PrefabInternal: {fileID: 100100000}
  serializedVersion: 4
  m_Component:
  - 4: {fileID: 427772}
  m_Layer: 0
  m_Name: RightHandRing1
  m_TagString: Untagged
  m_Icon: {fileID: 0}
  m_NavMeshLayer: 0
  m_StaticEditorFlags: 0
  m_IsActive: 1
--- !u!1 &136950
GameObject:
  m_ObjectHideFlags: 1
  m_PrefabParentObject: {fileID: 0}
  m_PrefabInternal: {fileID: 100100000}
  serializedVersion: 4
  m_Component:
  - 4: {fileID: 460746}
  m_Layer: 0
  m_Name: LeftHandPinky2
  m_TagString: Untagged
  m_Icon: {fileID: 0}
  m_NavMeshLayer: 0
  m_StaticEditorFlags: 0
  m_IsActive: 1
--- !u!1 &138806
GameObject:
  m_ObjectHideFlags: 1
  m_PrefabParentObject: {fileID: 0}
  m_PrefabInternal: {fileID: 100100000}
  serializedVersion: 4
  m_Component:
  - 4: {fileID: 497608}
  m_Layer: 0
  m_Name: RightHandMiddle3
  m_TagString: Untagged
  m_Icon: {fileID: 0}
  m_NavMeshLayer: 0
  m_StaticEditorFlags: 0
  m_IsActive: 1
--- !u!1 &139650
GameObject:
  m_ObjectHideFlags: 1
  m_PrefabParentObject: {fileID: 0}
  m_PrefabInternal: {fileID: 100100000}
  serializedVersion: 4
  m_Component:
  - 4: {fileID: 496374}
  m_Layer: 0
  m_Name: spotLight1
  m_TagString: Untagged
  m_Icon: {fileID: 0}
  m_NavMeshLayer: 0
  m_StaticEditorFlags: 0
  m_IsActive: 1
--- !u!1 &139866
GameObject:
  m_ObjectHideFlags: 1
  m_PrefabParentObject: {fileID: 0}
  m_PrefabInternal: {fileID: 100100000}
  serializedVersion: 4
  m_Component:
  - 4: {fileID: 483614}
  m_Layer: 0
  m_Name: LeftHandPinky3
  m_TagString: Untagged
  m_Icon: {fileID: 0}
  m_NavMeshLayer: 0
  m_StaticEditorFlags: 0
  m_IsActive: 1
--- !u!1 &140896
GameObject:
  m_ObjectHideFlags: 1
  m_PrefabParentObject: {fileID: 0}
  m_PrefabInternal: {fileID: 100100000}
  serializedVersion: 4
  m_Component:
  - 4: {fileID: 412048}
  m_Layer: 0
  m_Name: LeftHandPinky4
  m_TagString: Untagged
  m_Icon: {fileID: 0}
  m_NavMeshLayer: 0
  m_StaticEditorFlags: 0
  m_IsActive: 1
--- !u!1 &140902
GameObject:
  m_ObjectHideFlags: 0
  m_PrefabParentObject: {fileID: 0}
  m_PrefabInternal: {fileID: 100100000}
  serializedVersion: 4
  m_Component:
  - 4: {fileID: 444434}
  - 95: {fileID: 9560240}
  - 114: {fileID: 11409736}
  m_Layer: 0
  m_Name: ragdoll5_Unity
  m_TagString: Untagged
  m_Icon: {fileID: 0}
  m_NavMeshLayer: 0
  m_StaticEditorFlags: 0
  m_IsActive: 1
--- !u!1 &140990
GameObject:
  m_ObjectHideFlags: 1
  m_PrefabParentObject: {fileID: 0}
  m_PrefabInternal: {fileID: 100100000}
  serializedVersion: 4
  m_Component:
  - 4: {fileID: 428696}
  m_Layer: 0
  m_Name: LeftHandIndex4
  m_TagString: Untagged
  m_Icon: {fileID: 0}
  m_NavMeshLayer: 0
  m_StaticEditorFlags: 0
  m_IsActive: 1
--- !u!1 &143614
GameObject:
  m_ObjectHideFlags: 1
  m_PrefabParentObject: {fileID: 0}
  m_PrefabInternal: {fileID: 100100000}
  serializedVersion: 4
  m_Component:
  - 4: {fileID: 444160}
  m_Layer: 0
  m_Name: LeftShoulder
  m_TagString: Untagged
  m_Icon: {fileID: 0}
  m_NavMeshLayer: 0
  m_StaticEditorFlags: 0
  m_IsActive: 1
--- !u!1 &145258
GameObject:
  m_ObjectHideFlags: 1
  m_PrefabParentObject: {fileID: 0}
  m_PrefabInternal: {fileID: 100100000}
  serializedVersion: 4
  m_Component:
  - 4: {fileID: 412224}
  m_Layer: 0
  m_Name: Neck
  m_TagString: Untagged
  m_Icon: {fileID: 0}
  m_NavMeshLayer: 0
  m_StaticEditorFlags: 0
  m_IsActive: 1
--- !u!1 &145422
GameObject:
  m_ObjectHideFlags: 0
  m_PrefabParentObject: {fileID: 0}
  m_PrefabInternal: {fileID: 100100000}
  serializedVersion: 4
  m_Component:
  - 4: {fileID: 418458}
  - 137: {fileID: 13743232}
  m_Layer: 0
  m_Name: c_TeethDown
  m_TagString: Untagged
  m_Icon: {fileID: 0}
  m_NavMeshLayer: 0
  m_StaticEditorFlags: 0
  m_IsActive: 1
--- !u!1 &147670
GameObject:
  m_ObjectHideFlags: 1
  m_PrefabParentObject: {fileID: 0}
  m_PrefabInternal: {fileID: 100100000}
  serializedVersion: 4
  m_Component:
  - 4: {fileID: 417068}
  m_Layer: 0
  m_Name: RightHandThumb4
  m_TagString: Untagged
  m_Icon: {fileID: 0}
  m_NavMeshLayer: 0
  m_StaticEditorFlags: 0
  m_IsActive: 1
--- !u!1 &149460
GameObject:
  m_ObjectHideFlags: 1
  m_PrefabParentObject: {fileID: 0}
  m_PrefabInternal: {fileID: 100100000}
  serializedVersion: 4
  m_Component:
  - 4: {fileID: 431560}
  m_Layer: 0
  m_Name: LeftHandMiddle4
  m_TagString: Untagged
  m_Icon: {fileID: 0}
  m_NavMeshLayer: 0
  m_StaticEditorFlags: 0
  m_IsActive: 1
--- !u!1 &150410
GameObject:
  m_ObjectHideFlags: 1
  m_PrefabParentObject: {fileID: 0}
  m_PrefabInternal: {fileID: 100100000}
  serializedVersion: 4
  m_Component:
  - 4: {fileID: 429438}
  m_Layer: 0
  m_Name: RightHandThumb3
  m_TagString: Untagged
  m_Icon: {fileID: 0}
  m_NavMeshLayer: 0
  m_StaticEditorFlags: 0
  m_IsActive: 1
--- !u!1 &154754
GameObject:
  m_ObjectHideFlags: 1
  m_PrefabParentObject: {fileID: 0}
  m_PrefabInternal: {fileID: 100100000}
  serializedVersion: 4
  m_Component:
  - 4: {fileID: 483940}
  m_Layer: 0
  m_Name: Spine2
  m_TagString: Untagged
  m_Icon: {fileID: 0}
  m_NavMeshLayer: 0
  m_StaticEditorFlags: 0
  m_IsActive: 1
--- !u!1 &155282
GameObject:
  m_ObjectHideFlags: 1
  m_PrefabParentObject: {fileID: 0}
  m_PrefabInternal: {fileID: 100100000}
  serializedVersion: 4
  m_Component:
  - 4: {fileID: 446308}
  m_Layer: 0
  m_Name: spotLight3
  m_TagString: Untagged
  m_Icon: {fileID: 0}
  m_NavMeshLayer: 0
  m_StaticEditorFlags: 0
  m_IsActive: 1
--- !u!1 &156162
GameObject:
  m_ObjectHideFlags: 1
  m_PrefabParentObject: {fileID: 0}
  m_PrefabInternal: {fileID: 100100000}
  serializedVersion: 4
  m_Component:
  - 4: {fileID: 473454}
  - 136: {fileID: 13645608}
  - 54: {fileID: 5403402}
  - 144: {fileID: 14491702}
  - 114: {fileID: 11437722}
  m_Layer: 0
  m_Name: LeftUpLeg
  m_TagString: Untagged
  m_Icon: {fileID: 0}
  m_NavMeshLayer: 0
  m_StaticEditorFlags: 0
  m_IsActive: 1
--- !u!1 &158792
GameObject:
  m_ObjectHideFlags: 1
  m_PrefabParentObject: {fileID: 0}
  m_PrefabInternal: {fileID: 100100000}
  serializedVersion: 4
  m_Component:
  - 4: {fileID: 436888}
  m_Layer: 0
  m_Name: LeftFingerBase
  m_TagString: Untagged
  m_Icon: {fileID: 0}
  m_NavMeshLayer: 0
  m_StaticEditorFlags: 0
  m_IsActive: 1
--- !u!1 &163462
GameObject:
  m_ObjectHideFlags: 1
  m_PrefabParentObject: {fileID: 0}
  m_PrefabInternal: {fileID: 100100000}
  serializedVersion: 4
  m_Component:
  - 4: {fileID: 482256}
  m_Layer: 0
  m_Name: RightFingerBase
  m_TagString: Untagged
  m_Icon: {fileID: 0}
  m_NavMeshLayer: 0
  m_StaticEditorFlags: 0
  m_IsActive: 1
--- !u!1 &163534
GameObject:
  m_ObjectHideFlags: 1
  m_PrefabParentObject: {fileID: 0}
  m_PrefabInternal: {fileID: 100100000}
  serializedVersion: 4
  m_Component:
  - 4: {fileID: 432480}
  m_Layer: 0
  m_Name: RightHandThumb2
  m_TagString: Untagged
  m_Icon: {fileID: 0}
  m_NavMeshLayer: 0
  m_StaticEditorFlags: 0
  m_IsActive: 1
--- !u!1 &165074
GameObject:
  m_ObjectHideFlags: 1
  m_PrefabParentObject: {fileID: 0}
  m_PrefabInternal: {fileID: 100100000}
  serializedVersion: 4
  m_Component:
  - 4: {fileID: 449588}
  m_Layer: 0
  m_Name: LeftHandMiddle3
  m_TagString: Untagged
  m_Icon: {fileID: 0}
  m_NavMeshLayer: 0
  m_StaticEditorFlags: 0
  m_IsActive: 1
--- !u!1 &166288
GameObject:
  m_ObjectHideFlags: 1
  m_PrefabParentObject: {fileID: 0}
  m_PrefabInternal: {fileID: 100100000}
  serializedVersion: 4
  m_Component:
  - 4: {fileID: 473764}
  m_Layer: 0
  m_Name: RightHandPinky4
  m_TagString: Untagged
  m_Icon: {fileID: 0}
  m_NavMeshLayer: 0
  m_StaticEditorFlags: 0
  m_IsActive: 1
--- !u!1 &166468
GameObject:
  m_ObjectHideFlags: 1
  m_PrefabParentObject: {fileID: 0}
  m_PrefabInternal: {fileID: 100100000}
  serializedVersion: 4
  m_Component:
  - 4: {fileID: 450022}
  m_Layer: 0
  m_Name: Spine1
  m_TagString: Untagged
  m_Icon: {fileID: 0}
  m_NavMeshLayer: 0
  m_StaticEditorFlags: 0
  m_IsActive: 1
--- !u!1 &166784
GameObject:
  m_ObjectHideFlags: 1
  m_PrefabParentObject: {fileID: 0}
  m_PrefabInternal: {fileID: 100100000}
  serializedVersion: 4
  m_Component:
  - 4: {fileID: 455504}
  m_Layer: 0
  m_Name: LeftHandRing2
  m_TagString: Untagged
  m_Icon: {fileID: 0}
  m_NavMeshLayer: 0
  m_StaticEditorFlags: 0
  m_IsActive: 1
--- !u!1 &168390
GameObject:
  m_ObjectHideFlags: 1
  m_PrefabParentObject: {fileID: 0}
  m_PrefabInternal: {fileID: 100100000}
  serializedVersion: 4
  m_Component:
  - 4: {fileID: 499232}
  m_Layer: 0
  m_Name: LeftFoot
  m_TagString: Untagged
  m_Icon: {fileID: 0}
  m_NavMeshLayer: 0
  m_StaticEditorFlags: 0
  m_IsActive: 1
--- !u!1 &168878
GameObject:
  m_ObjectHideFlags: 1
  m_PrefabParentObject: {fileID: 0}
  m_PrefabInternal: {fileID: 100100000}
  serializedVersion: 4
  m_Component:
  - 4: {fileID: 426952}
  m_Layer: 0
  m_Name: LeftHandPinky1
  m_TagString: Untagged
  m_Icon: {fileID: 0}
  m_NavMeshLayer: 0
  m_StaticEditorFlags: 0
  m_IsActive: 1
--- !u!1 &171164
GameObject:
  m_ObjectHideFlags: 1
  m_PrefabParentObject: {fileID: 0}
  m_PrefabInternal: {fileID: 100100000}
  serializedVersion: 4
  m_Component:
  - 4: {fileID: 405032}
  m_Layer: 0
  m_Name: Reference
  m_TagString: Untagged
  m_Icon: {fileID: 0}
  m_NavMeshLayer: 0
  m_StaticEditorFlags: 0
  m_IsActive: 1
--- !u!1 &173690
GameObject:
  m_ObjectHideFlags: 1
  m_PrefabParentObject: {fileID: 0}
  m_PrefabInternal: {fileID: 100100000}
  serializedVersion: 4
  m_Component:
  - 4: {fileID: 462750}
  m_Layer: 0
  m_Name: LeftHandThumb4
  m_TagString: Untagged
  m_Icon: {fileID: 0}
  m_NavMeshLayer: 0
  m_StaticEditorFlags: 0
  m_IsActive: 1
--- !u!1 &174534
GameObject:
  m_ObjectHideFlags: 0
  m_PrefabParentObject: {fileID: 0}
  m_PrefabInternal: {fileID: 100100000}
  serializedVersion: 4
  m_Component:
  - 4: {fileID: 410642}
  - 137: {fileID: 13786172}
  m_Layer: 0
  m_Name: c_R_eye
  m_TagString: Untagged
  m_Icon: {fileID: 0}
  m_NavMeshLayer: 0
  m_StaticEditorFlags: 0
  m_IsActive: 1
--- !u!1 &174604
GameObject:
  m_ObjectHideFlags: 1
  m_PrefabParentObject: {fileID: 0}
  m_PrefabInternal: {fileID: 100100000}
  serializedVersion: 4
  m_Component:
  - 4: {fileID: 461720}
  - 136: {fileID: 13606790}
  - 54: {fileID: 5424822}
  - 144: {fileID: 14450008}
  - 114: {fileID: 11442792}
  m_Layer: 0
  m_Name: RightLeg
  m_TagString: Untagged
  m_Icon: {fileID: 0}
  m_NavMeshLayer: 0
  m_StaticEditorFlags: 0
  m_IsActive: 1
--- !u!1 &174792
GameObject:
  m_ObjectHideFlags: 0
  m_PrefabParentObject: {fileID: 0}
  m_PrefabInternal: {fileID: 100100000}
  serializedVersion: 4
  m_Component:
  - 4: {fileID: 429568}
  - 137: {fileID: 13757944}
  m_Layer: 0
  m_Name: H_DDS_CrowdRes
  m_TagString: Untagged
  m_Icon: {fileID: 0}
  m_NavMeshLayer: 0
  m_StaticEditorFlags: 0
  m_IsActive: 1
--- !u!1 &175408
GameObject:
  m_ObjectHideFlags: 1
  m_PrefabParentObject: {fileID: 0}
  m_PrefabInternal: {fileID: 100100000}
  serializedVersion: 4
  m_Component:
  - 4: {fileID: 462512}
  m_Layer: 0
  m_Name: RightHandPinky3
  m_TagString: Untagged
  m_Icon: {fileID: 0}
  m_NavMeshLayer: 0
  m_StaticEditorFlags: 0
  m_IsActive: 1
--- !u!1 &175524
GameObject:
  m_ObjectHideFlags: 0
  m_PrefabParentObject: {fileID: 0}
  m_PrefabInternal: {fileID: 100100000}
  serializedVersion: 4
  m_Component:
  - 4: {fileID: 415374}
  m_Layer: 0
  m_Name: master
  m_TagString: Untagged
  m_Icon: {fileID: 0}
  m_NavMeshLayer: 0
  m_StaticEditorFlags: 0
  m_IsActive: 1
--- !u!1 &175962
GameObject:
  m_ObjectHideFlags: 1
  m_PrefabParentObject: {fileID: 0}
  m_PrefabInternal: {fileID: 100100000}
  serializedVersion: 4
  m_Component:
  - 4: {fileID: 499284}
  m_Layer: 0
  m_Name: LeftToeBase
  m_TagString: Untagged
  m_Icon: {fileID: 0}
  m_NavMeshLayer: 0
  m_StaticEditorFlags: 0
  m_IsActive: 1
--- !u!1 &178984
GameObject:
  m_ObjectHideFlags: 1
  m_PrefabParentObject: {fileID: 0}
  m_PrefabInternal: {fileID: 100100000}
  serializedVersion: 4
  m_Component:
  - 4: {fileID: 483974}
  - 65: {fileID: 6538764}
  - 54: {fileID: 5429684}
  - 114: {fileID: 11499910}
  m_Layer: 0
  m_Name: Hips
  m_TagString: Untagged
  m_Icon: {fileID: 0}
  m_NavMeshLayer: 0
  m_StaticEditorFlags: 0
  m_IsActive: 1
--- !u!1 &179356
GameObject:
  m_ObjectHideFlags: 1
  m_PrefabParentObject: {fileID: 0}
  m_PrefabInternal: {fileID: 100100000}
  serializedVersion: 4
  m_Component:
  - 4: {fileID: 408302}
  - 136: {fileID: 13672018}
  - 54: {fileID: 5417718}
  - 144: {fileID: 14403864}
  - 114: {fileID: 11487710}
  m_Layer: 0
  m_Name: RightArm
  m_TagString: Untagged
  m_Icon: {fileID: 0}
  m_NavMeshLayer: 0
  m_StaticEditorFlags: 0
  m_IsActive: 1
--- !u!1 &181200
GameObject:
  m_ObjectHideFlags: 1
  m_PrefabParentObject: {fileID: 0}
  m_PrefabInternal: {fileID: 100100000}
  serializedVersion: 4
  m_Component:
  - 4: {fileID: 410426}
  m_Layer: 0
  m_Name: LeftHandIndex1
  m_TagString: Untagged
  m_Icon: {fileID: 0}
  m_NavMeshLayer: 0
  m_StaticEditorFlags: 0
  m_IsActive: 1
--- !u!1 &183218
GameObject:
  m_ObjectHideFlags: 1
  m_PrefabParentObject: {fileID: 0}
  m_PrefabInternal: {fileID: 100100000}
  serializedVersion: 4
  m_Component:
  - 4: {fileID: 491418}
  m_Layer: 0
  m_Name: LeftHand
  m_TagString: Untagged
  m_Icon: {fileID: 0}
  m_NavMeshLayer: 0
  m_StaticEditorFlags: 0
  m_IsActive: 1
--- !u!1 &183654
GameObject:
  m_ObjectHideFlags: 1
  m_PrefabParentObject: {fileID: 0}
  m_PrefabInternal: {fileID: 100100000}
  serializedVersion: 4
  m_Component:
  - 4: {fileID: 469946}
  - 136: {fileID: 13683058}
  - 54: {fileID: 5499498}
  - 144: {fileID: 14440378}
  - 114: {fileID: 11447306}
  m_Layer: 0
  m_Name: LeftArm
  m_TagString: Untagged
  m_Icon: {fileID: 0}
  m_NavMeshLayer: 0
  m_StaticEditorFlags: 0
  m_IsActive: 1
--- !u!1 &183698
GameObject:
  m_ObjectHideFlags: 1
  m_PrefabParentObject: {fileID: 0}
  m_PrefabInternal: {fileID: 100100000}
  serializedVersion: 4
  m_Component:
  - 4: {fileID: 448550}
  m_Layer: 0
  m_Name: RightHandRing2
  m_TagString: Untagged
  m_Icon: {fileID: 0}
  m_NavMeshLayer: 0
  m_StaticEditorFlags: 0
  m_IsActive: 1
--- !u!1 &186040
GameObject:
  m_ObjectHideFlags: 1
  m_PrefabParentObject: {fileID: 0}
  m_PrefabInternal: {fileID: 100100000}
  serializedVersion: 4
  m_Component:
  - 4: {fileID: 440634}
  m_Layer: 0
  m_Name: LeftToeEnd
  m_TagString: Untagged
  m_Icon: {fileID: 0}
  m_NavMeshLayer: 0
  m_StaticEditorFlags: 0
  m_IsActive: 1
--- !u!1 &187750
GameObject:
  m_ObjectHideFlags: 1
  m_PrefabParentObject: {fileID: 0}
  m_PrefabInternal: {fileID: 100100000}
  serializedVersion: 4
  m_Component:
  - 4: {fileID: 403630}
  m_Layer: 0
  m_Name: spotLight2
  m_TagString: Untagged
  m_Icon: {fileID: 0}
  m_NavMeshLayer: 0
  m_StaticEditorFlags: 0
  m_IsActive: 1
--- !u!1 &188524
GameObject:
  m_ObjectHideFlags: 1
  m_PrefabParentObject: {fileID: 0}
  m_PrefabInternal: {fileID: 100100000}
  serializedVersion: 4
  m_Component:
  - 4: {fileID: 499260}
  m_Layer: 0
  m_Name: LeftHandThumb3
  m_TagString: Untagged
  m_Icon: {fileID: 0}
  m_NavMeshLayer: 0
  m_StaticEditorFlags: 0
  m_IsActive: 1
--- !u!1 &189388
GameObject:
  m_ObjectHideFlags: 1
  m_PrefabParentObject: {fileID: 0}
  m_PrefabInternal: {fileID: 100100000}
  serializedVersion: 4
  m_Component:
  - 4: {fileID: 428730}
  m_Layer: 0
  m_Name: RightHandMiddle2
  m_TagString: Untagged
  m_Icon: {fileID: 0}
  m_NavMeshLayer: 0
  m_StaticEditorFlags: 0
  m_IsActive: 1
--- !u!1 &192960
GameObject:
  m_ObjectHideFlags: 1
  m_PrefabParentObject: {fileID: 0}
  m_PrefabInternal: {fileID: 100100000}
  serializedVersion: 4
  m_Component:
  - 4: {fileID: 421120}
  m_Layer: 0
  m_Name: RightEye
  m_TagString: Untagged
  m_Icon: {fileID: 0}
  m_NavMeshLayer: 0
  m_StaticEditorFlags: 0
  m_IsActive: 1
--- !u!1 &194532
GameObject:
  m_ObjectHideFlags: 1
  m_PrefabParentObject: {fileID: 0}
  m_PrefabInternal: {fileID: 100100000}
  serializedVersion: 4
  m_Component:
  - 4: {fileID: 483760}
  m_Layer: 0
  m_Name: RightHandIndex1
  m_TagString: Untagged
  m_Icon: {fileID: 0}
  m_NavMeshLayer: 0
  m_StaticEditorFlags: 0
  m_IsActive: 1
--- !u!1 &196922
GameObject:
  m_ObjectHideFlags: 1
  m_PrefabParentObject: {fileID: 0}
  m_PrefabInternal: {fileID: 100100000}
  serializedVersion: 4
  m_Component:
  - 4: {fileID: 469286}
  m_Layer: 0
  m_Name: LeftHandMiddle2
  m_TagString: Untagged
  m_Icon: {fileID: 0}
  m_NavMeshLayer: 0
  m_StaticEditorFlags: 0
  m_IsActive: 1
--- !u!1 &197214
GameObject:
  m_ObjectHideFlags: 1
  m_PrefabParentObject: {fileID: 0}
  m_PrefabInternal: {fileID: 100100000}
  serializedVersion: 4
  m_Component:
  - 4: {fileID: 492262}
  m_Layer: 0
  m_Name: RightHandIndex2
  m_TagString: Untagged
  m_Icon: {fileID: 0}
  m_NavMeshLayer: 0
  m_StaticEditorFlags: 0
  m_IsActive: 1
--- !u!1 &197302
GameObject:
  m_ObjectHideFlags: 1
  m_PrefabParentObject: {fileID: 0}
  m_PrefabInternal: {fileID: 100100000}
  serializedVersion: 4
  m_Component:
  - 4: {fileID: 497564}
  m_Layer: 0
  m_Name: RightHandThumb1
  m_TagString: Untagged
  m_Icon: {fileID: 0}
  m_NavMeshLayer: 0
  m_StaticEditorFlags: 0
  m_IsActive: 1
--- !u!1 &198342
GameObject:
  m_ObjectHideFlags: 1
  m_PrefabParentObject: {fileID: 0}
  m_PrefabInternal: {fileID: 100100000}
  serializedVersion: 4
  m_Component:
  - 4: {fileID: 483066}
  m_Layer: 0
  m_Name: RightHandIndex3
  m_TagString: Untagged
  m_Icon: {fileID: 0}
  m_NavMeshLayer: 0
  m_StaticEditorFlags: 0
  m_IsActive: 1
--- !u!1 &199552
GameObject:
  m_ObjectHideFlags: 1
  m_PrefabParentObject: {fileID: 0}
  m_PrefabInternal: {fileID: 100100000}
  serializedVersion: 4
  m_Component:
  - 4: {fileID: 447132}
  - 135: {fileID: 13504120}
  - 54: {fileID: 5472062}
  - 144: {fileID: 14448980}
  - 114: {fileID: 11400710}
  m_Layer: 0
  m_Name: Head
  m_TagString: Untagged
  m_Icon: {fileID: 0}
  m_NavMeshLayer: 0
  m_StaticEditorFlags: 0
  m_IsActive: 1
--- !u!4 &401182
Transform:
  m_ObjectHideFlags: 1
  m_PrefabParentObject: {fileID: 0}
  m_PrefabInternal: {fileID: 100100000}
  m_GameObject: {fileID: 108456}
  m_LocalRotation: {x: -.000490686682, y: -.0551169142, z: .0504360348, w: .997205138}
  m_LocalPosition: {x: .285770386, y: -6.27369673e-06, z: -5.43704388e-08}
  m_LocalScale: {x: 1, y: 1, z: 1}
  m_Children:
  - {fileID: 491418}
  m_Father: {fileID: 469946}
  m_RootOrder: 0
--- !u!4 &402440
Transform:
  m_ObjectHideFlags: 1
  m_PrefabParentObject: {fileID: 0}
  m_PrefabInternal: {fileID: 100100000}
  m_GameObject: {fileID: 119090}
  m_LocalRotation: {x: -.620974302, y: -.52888298, z: -.132573009, w: .563114643}
  m_LocalPosition: {x: -.00412470801, y: .025213968, z: .0301447865}
  m_LocalScale: {x: 1, y: 1, z: 1}
  m_Children:
  - {fileID: 496238}
  m_Father: {fileID: 436888}
  m_RootOrder: 4
--- !u!4 &403630
Transform:
  m_ObjectHideFlags: 1
  m_PrefabParentObject: {fileID: 0}
  m_PrefabInternal: {fileID: 100100000}
  m_GameObject: {fileID: 187750}
  m_LocalRotation: {x: -.0291235484, y: .374421746, z: .0117666777, w: .926726341}
  m_LocalPosition: {x: .918763816, y: 1.06298018, z: .749319136}
  m_LocalScale: {x: 9.19260693, y: 9.19260693, z: 9.19260693}
  m_Children: []
  m_Father: {fileID: 478604}
  m_RootOrder: 1
--- !u!4 &405032
Transform:
  m_ObjectHideFlags: 1
  m_PrefabParentObject: {fileID: 0}
  m_PrefabInternal: {fileID: 100100000}
  m_GameObject: {fileID: 171164}
  m_LocalRotation: {x: 0, y: 0, z: 0, w: 1}
  m_LocalPosition: {x: 0, y: 0, z: 0}
  m_LocalScale: {x: 1, y: 1, z: 1}
  m_Children:
  - {fileID: 483974}
  m_Father: {fileID: 415374}
  m_RootOrder: 0
--- !u!4 &406060
Transform:
  m_ObjectHideFlags: 1
  m_PrefabParentObject: {fileID: 0}
  m_PrefabInternal: {fileID: 100100000}
  m_GameObject: {fileID: 130224}
  m_LocalRotation: {x: .0696533993, y: .997567713, z: .000185106022, w: -.00265106652}
  m_LocalPosition: {x: -.0255263019, y: -4.4068607e-16, z: 7.84095008e-18}
  m_LocalScale: {x: 1, y: 1, z: 1}
  m_Children: []
  m_Father: {fileID: 497608}
  m_RootOrder: 0
--- !u!4 &408268
Transform:
  m_ObjectHideFlags: 1
  m_PrefabParentObject: {fileID: 0}
  m_PrefabInternal: {fileID: 100100000}
  m_GameObject: {fileID: 104354}
  m_LocalRotation: {x: .00199298654, y: .00843484234, z: -.0101500461, w: .999910951}
  m_LocalPosition: {x: -.0282978117, y: 3.07202174e-16, z: -1.9428903e-18}
  m_LocalScale: {x: 1, y: 1, z: 1}
  m_Children:
  - {fileID: 441034}
  m_Father: {fileID: 448550}
  m_RootOrder: 0
--- !u!4 &408302
Transform:
  m_ObjectHideFlags: 1
  m_PrefabParentObject: {fileID: 0}
  m_PrefabInternal: {fileID: 100100000}
  m_GameObject: {fileID: 179356}
  m_LocalRotation: {x: -.00143960025, y: .0590183064, z: -.0172133837, w: .998107433}
  m_LocalPosition: {x: -.135700658, y: -1.93530092e-18, z: -1.95399251e-16}
  m_LocalScale: {x: 1, y: 1, z: 1}
  m_Children:
  - {fileID: 461570}
  m_Father: {fileID: 497468}
  m_RootOrder: 0
--- !u!4 &410322
Transform:
  m_ObjectHideFlags: 1
  m_PrefabParentObject: {fileID: 0}
  m_PrefabInternal: {fileID: 100100000}
  m_GameObject: {fileID: 125596}
  m_LocalRotation: {x: -.0742791519, y: -.687933207, z: -.0775030255, w: .717790902}
  m_LocalPosition: {x: -.0757703409, y: -5.3290702e-16, z: -1.7763568e-17}
  m_LocalScale: {x: 1, y: 1, z: 1}
  m_Children: []
  m_Father: {fileID: 458548}
  m_RootOrder: 0
--- !u!4 &410426
Transform:
  m_ObjectHideFlags: 1
  m_PrefabParentObject: {fileID: 0}
  m_PrefabInternal: {fileID: 100100000}
  m_GameObject: {fileID: 181200}
  m_LocalRotation: {x: -.000200563372, y: .0013948679, z: .0927838162, w: .995685279}
  m_LocalPosition: {x: .0647831783, y: .00310590048, z: .0341726802}
  m_LocalScale: {x: 1, y: 1, z: 1}
  m_Children:
  - {fileID: 465282}
  m_Father: {fileID: 436888}
  m_RootOrder: 0
--- !u!4 &410642
Transform:
  m_ObjectHideFlags: 1
  m_PrefabParentObject: {fileID: 0}
  m_PrefabInternal: {fileID: 100100000}
  m_GameObject: {fileID: 174534}
  m_LocalRotation: {x: 0, y: 0, z: 0, w: 1}
  m_LocalPosition: {x: 0, y: 0, z: 0}
  m_LocalScale: {x: 1, y: 1, z: 1}
  m_Children: []
  m_Father: {fileID: 444434}
  m_RootOrder: 2
--- !u!4 &412048
Transform:
  m_ObjectHideFlags: 1
  m_PrefabParentObject: {fileID: 0}
  m_PrefabInternal: {fileID: 100100000}
  m_GameObject: {fileID: 140896}
  m_LocalRotation: {x: .0571632534, y: .998362541, z: -.000122630721, w: .00214175927}
  m_LocalPosition: {x: .0197169799, y: -4.95929669e-07, z: 4.35617764e-08}
  m_LocalScale: {x: 1, y: 1, z: 1}
  m_Children: []
  m_Father: {fileID: 483614}
  m_RootOrder: 0
--- !u!4 &412224
Transform:
  m_ObjectHideFlags: 1
  m_PrefabParentObject: {fileID: 0}
  m_PrefabInternal: {fileID: 100100000}
  m_GameObject: {fileID: 145258}
  m_LocalRotation: {x: 5.55223083e-33, y: -.259771168, z: 2.06397971e-32, w: .965670228}
  m_LocalPosition: {x: -.241315305, y: -5.7448845e-17, z: -.0969261304}
  m_LocalScale: {x: 1, y: 1, z: 1}
  m_Children:
  - {fileID: 447132}
  m_Father: {fileID: 483940}
  m_RootOrder: 1
--- !u!4 &415374
Transform:
  m_ObjectHideFlags: 1
  m_PrefabParentObject: {fileID: 0}
  m_PrefabInternal: {fileID: 100100000}
  m_GameObject: {fileID: 175524}
  m_LocalRotation: {x: 0, y: 0, z: 0, w: 1}
  m_LocalPosition: {x: 0, y: 0, z: 0}
  m_LocalScale: {x: 1, y: 1, z: 1}
  m_Children:
  - {fileID: 405032}
  m_Father: {fileID: 444434}
  m_RootOrder: 8
--- !u!4 &417068
Transform:
  m_ObjectHideFlags: 1
  m_PrefabParentObject: {fileID: 0}
  m_PrefabInternal: {fileID: 100100000}
  m_GameObject: {fileID: 147670}
  m_LocalRotation: {x: .197180405, y: .892129183, z: .0877238363, w: -.396900445}
  m_LocalPosition: {x: -.0287050828, y: -1.57651665e-16, z: -2.220446e-18}
  m_LocalScale: {x: 1, y: 1, z: 1}
  m_Children: []
  m_Father: {fileID: 429438}
  m_RootOrder: 0
--- !u!4 &418458
Transform:
  m_ObjectHideFlags: 1
  m_PrefabParentObject: {fileID: 0}
  m_PrefabInternal: {fileID: 100100000}
  m_GameObject: {fileID: 145422}
  m_LocalRotation: {x: 0, y: 0, z: 0, w: 1}
  m_LocalPosition: {x: 0, y: 0, z: 0}
  m_LocalScale: {x: 1, y: 1, z: 1}
  m_Children: []
  m_Father: {fileID: 444434}
  m_RootOrder: 4
--- !u!4 &421120
Transform:
  m_ObjectHideFlags: 1
  m_PrefabParentObject: {fileID: 0}
  m_PrefabInternal: {fileID: 100100000}
  m_GameObject: {fileID: 192960}
  m_LocalRotation: {x: 4.12149291e-16, y: -.707106829, z: 4.12149291e-16, w: .707106829}
  m_LocalPosition: {x: -.0548423044, y: -.0319678523, z: -.0597008839}
  m_LocalScale: {x: 1, y: 1, z: 1}
  m_Children: []
  m_Father: {fileID: 447132}
  m_RootOrder: 2
--- !u!4 &424132
Transform:
  m_ObjectHideFlags: 1
  m_PrefabParentObject: {fileID: 0}
  m_PrefabInternal: {fileID: 100100000}
  m_GameObject: {fileID: 106068}
  m_LocalRotation: {x: -.0156153673, y: .966671884, z: .0608178414, w: .24819915}
  m_LocalPosition: {x: .46117118, y: 1.10322869, z: -.782492757}
  m_LocalScale: {x: 9.19260693, y: 9.19260693, z: 9.19260693}
  m_Children: []
  m_Father: {fileID: 478604}
  m_RootOrder: 3
--- !u!4 &426952
Transform:
  m_ObjectHideFlags: 1
  m_PrefabParentObject: {fileID: 0}
  m_PrefabInternal: {fileID: 100100000}
  m_GameObject: {fileID: 168878}
  m_LocalRotation: {x: -.00156968122, y: .0219776612, z: .163645178, w: .98627317}
  m_LocalPosition: {x: .0585411862, y: .00608035084, z: -.034641441}
  m_LocalScale: {x: 1, y: 1, z: 1}
  m_Children:
  - {fileID: 460746}
  m_Father: {fileID: 436888}
  m_RootOrder: 2
--- !u!4 &427772
Transform:
  m_ObjectHideFlags: 1
  m_PrefabParentObject: {fileID: 0}
  m_PrefabInternal: {fileID: 100100000}
  m_GameObject: {fileID: 136762}
  m_LocalRotation: {x: -.00280474778, y: .0332697667, z: .150956616, w: .987976432}
  m_LocalPosition: {x: -.0625973418, y: -.00136426417, z: .0119160209}
  m_LocalScale: {x: 1, y: 1, z: 1}
  m_Children:
  - {fileID: 448550}
  m_Father: {fileID: 482256}
  m_RootOrder: 3
--- !u!4 &428696
Transform:
  m_ObjectHideFlags: 1
  m_PrefabParentObject: {fileID: 0}
  m_PrefabInternal: {fileID: 100100000}
  m_GameObject: {fileID: 140990}
  m_LocalRotation: {x: .020051986, y: .998962462, z: -.000820591871, w: .040880762}
  m_LocalPosition: {x: .0277008079, y: -1.61970104e-06, z: -9.62126236e-08}
  m_LocalScale: {x: 1, y: 1, z: 1}
  m_Children: []
  m_Father: {fileID: 488078}
  m_RootOrder: 0
--- !u!4 &428730
Transform:
  m_ObjectHideFlags: 1
  m_PrefabParentObject: {fileID: 0}
  m_PrefabInternal: {fileID: 100100000}
  m_GameObject: {fileID: 189388}
  m_LocalRotation: {x: .000848077412, y: .00576252257, z: .0500937738, w: .99872756}
  m_LocalPosition: {x: -.0446107425, y: 3.2495437e-16, z: 2.22044592e-17}
  m_LocalScale: {x: 1, y: 1, z: 1}
  m_Children:
  - {fileID: 497608}
  m_Father: {fileID: 481340}
  m_RootOrder: 0
--- !u!4 &429438
Transform:
  m_ObjectHideFlags: 1
  m_PrefabParentObject: {fileID: 0}
  m_PrefabInternal: {fileID: 100100000}
  m_GameObject: {fileID: 150410}
  m_LocalRotation: {x: -.0396137796, y: -.102517113, z: .0658628568, w: .991757572}
  m_LocalPosition: {x: -.0344506726, y: -3.17523773e-16, z: -4.66293656e-17}
  m_LocalScale: {x: 1, y: 1, z: 1}
  m_Children:
  - {fileID: 417068}
  m_Father: {fileID: 432480}
  m_RootOrder: 0
--- !u!4 &429568
Transform:
  m_ObjectHideFlags: 1
  m_PrefabParentObject: {fileID: 0}
  m_PrefabInternal: {fileID: 100100000}
  m_GameObject: {fileID: 174792}
  m_LocalRotation: {x: 0, y: 0, z: 0, w: 1}
  m_LocalPosition: {x: 0, y: 0, z: 0}
  m_LocalScale: {x: 1, y: 1, z: 1}
  m_Children: []
  m_Father: {fileID: 444434}
  m_RootOrder: 6
--- !u!4 &430546
Transform:
  m_ObjectHideFlags: 1
  m_PrefabParentObject: {fileID: 0}
  m_PrefabInternal: {fileID: 100100000}
  m_GameObject: {fileID: 110254}
  m_LocalRotation: {x: .020051986, y: .998962462, z: -.000820591871, w: .040880762}
  m_LocalPosition: {x: -.0277010538, y: -4.56784116e-16, z: 3.6082247e-17}
  m_LocalScale: {x: 1, y: 1, z: 1}
  m_Children: []
  m_Father: {fileID: 483066}
  m_RootOrder: 0
--- !u!4 &430958
Transform:
  m_ObjectHideFlags: 1
  m_PrefabParentObject: {fileID: 0}
  m_PrefabInternal: {fileID: 100100000}
  m_GameObject: {fileID: 135920}
  m_LocalRotation: {x: -.00280474778, y: .0332697667, z: .150956616, w: .987976432}
  m_LocalPosition: {x: .0625973567, y: .00136732543, z: -.0119160796}
  m_LocalScale: {x: 1, y: 1, z: 1}
  m_Children:
  - {fileID: 455504}
  m_Father: {fileID: 436888}
  m_RootOrder: 3
--- !u!4 &431560
Transform:
  m_ObjectHideFlags: 1
  m_PrefabParentObject: {fileID: 0}
  m_PrefabInternal: {fileID: 100100000}
  m_GameObject: {fileID: 149460}
  m_LocalRotation: {x: .0696533993, y: .997567713, z: .000185106022, w: -.00265106652}
  m_LocalPosition: {x: .0255264137, y: 2.64677942e-06, z: 4.49446844e-08}
  m_LocalScale: {x: 1, y: 1, z: 1}
  m_Children: []
  m_Father: {fileID: 449588}
  m_RootOrder: 0
--- !u!4 &432480
Transform:
  m_ObjectHideFlags: 1
  m_PrefabParentObject: {fileID: 0}
  m_PrefabInternal: {fileID: 100100000}
  m_GameObject: {fileID: 163534}
  m_LocalRotation: {x: .078051202, y: .209694296, z: -.0525095388, w: .973231256}
  m_LocalPosition: {x: -.0203731619, y: 3.07531776e-16, z: 1.110223e-18}
  m_LocalScale: {x: 1, y: 1, z: 1}
  m_Children:
  - {fileID: 429438}
  m_Father: {fileID: 497564}
  m_RootOrder: 0
--- !u!4 &436888
Transform:
  m_ObjectHideFlags: 1
  m_PrefabParentObject: {fileID: 0}
  m_PrefabInternal: {fileID: 100100000}
  m_GameObject: {fileID: 158792}
  m_LocalRotation: {x: 0, y: 0, z: 0, w: 1}
  m_LocalPosition: {x: .0212057661, y: 2.64557912e-06, z: 3.67504853e-08}
  m_LocalScale: {x: 1, y: 1, z: 1}
  m_Children:
  - {fileID: 410426}
  - {fileID: 491776}
  - {fileID: 426952}
  - {fileID: 430958}
  - {fileID: 402440}
  m_Father: {fileID: 491418}
  m_RootOrder: 0
--- !u!4 &440634
Transform:
  m_ObjectHideFlags: 1
  m_PrefabParentObject: {fileID: 0}
  m_PrefabInternal: {fileID: 100100000}
  m_GameObject: {fileID: 186040}
  m_LocalRotation: {x: -.0742791519, y: -.687933207, z: -.0775030255, w: .717790902}
  m_LocalPosition: {x: .0757701397, y: 5.71650602e-08, z: 7.3992787e-08}
  m_LocalScale: {x: 1, y: 1, z: 1}
  m_Children: []
  m_Father: {fileID: 499284}
  m_RootOrder: 0
--- !u!4 &440728
Transform:
  m_ObjectHideFlags: 1
  m_PrefabParentObject: {fileID: 0}
  m_PrefabInternal: {fileID: 100100000}
  m_GameObject: {fileID: 133244}
  m_LocalRotation: {x: -0, y: -.707106829, z: 0, w: .707106829}
  m_LocalPosition: {x: -.0548391342, y: .0319679007, z: -.059701141}
  m_LocalScale: {x: 1, y: 1, z: 1}
  m_Children: []
  m_Father: {fileID: 447132}
  m_RootOrder: 1
--- !u!4 &441034
Transform:
  m_ObjectHideFlags: 1
  m_PrefabParentObject: {fileID: 0}
  m_PrefabInternal: {fileID: 100100000}
  m_GameObject: {fileID: 131504}
  m_LocalRotation: {x: .110689305, y: .993669569, z: .0021257773, w: -.0190833267}
  m_LocalPosition: {x: -.0237063356, y: -2.12587098e-16, z: -3.71924689e-17}
  m_LocalScale: {x: 1, y: 1, z: 1}
  m_Children: []
  m_Father: {fileID: 408268}
  m_RootOrder: 0
--- !u!4 &444160
Transform:
  m_ObjectHideFlags: 1
  m_PrefabParentObject: {fileID: 0}
  m_PrefabInternal: {fileID: 100100000}
  m_GameObject: {fileID: 143614}
  m_LocalRotation: {x: .701334476, y: .70169574, z: .0675539598, w: .105781138}
  m_LocalPosition: {x: -.207457975, y: .0274742004, z: -.0618960075}
  m_LocalScale: {x: 1, y: 1, z: 1}
  m_Children:
  - {fileID: 469946}
  m_Father: {fileID: 483940}
  m_RootOrder: 0
--- !u!4 &444434
Transform:
  m_ObjectHideFlags: 1
  m_PrefabParentObject: {fileID: 0}
  m_PrefabInternal: {fileID: 100100000}
  m_GameObject: {fileID: 140902}
  m_LocalRotation: {x: 0, y: 0, z: 0, w: 1}
  m_LocalPosition: {x: 9.52999973, y: 0, z: 14.0299997}
  m_LocalScale: {x: 2, y: 2, z: 2}
  m_Children:
  - {fileID: 451158}
  - {fileID: 459280}
  - {fileID: 410642}
  - {fileID: 445270}
  - {fileID: 418458}
  - {fileID: 453016}
  - {fileID: 429568}
  - {fileID: 478604}
  - {fileID: 415374}
  m_Father: {fileID: 0}
  m_RootOrder: 0
--- !u!4 &445270
Transform:
  m_ObjectHideFlags: 1
  m_PrefabParentObject: {fileID: 0}
  m_PrefabInternal: {fileID: 100100000}
  m_GameObject: {fileID: 120006}
  m_LocalRotation: {x: 0, y: 0, z: 0, w: 1}
  m_LocalPosition: {x: 0, y: 0, z: 0}
  m_LocalScale: {x: 1, y: 1, z: 1}
  m_Children: []
  m_Father: {fileID: 444434}
  m_RootOrder: 3
--- !u!4 &446308
Transform:
  m_ObjectHideFlags: 1
  m_PrefabParentObject: {fileID: 0}
  m_PrefabInternal: {fileID: 100100000}
  m_GameObject: {fileID: 155282}
  m_LocalRotation: {x: .00681818556, y: .945311248, z: .019801449, w: -.325496793}
  m_LocalPosition: {x: -.854352176, y: 1.03845751, z: -.888759911}
  m_LocalScale: {x: 9.19260693, y: 9.19260693, z: 9.19260693}
  m_Children: []
  m_Father: {fileID: 478604}
  m_RootOrder: 2
--- !u!4 &447132
Transform:
  m_ObjectHideFlags: 1
  m_PrefabParentObject: {fileID: 0}
  m_PrefabInternal: {fileID: 100100000}
  m_GameObject: {fileID: 199552}
  m_LocalRotation: {x: -3.1118344e-33, y: .139314339, z: 1.1211565e-16, w: .990248263}
  m_LocalPosition: {x: -.111218385, y: -5.1103181e-18, z: -2.22044592e-17}
  m_LocalScale: {x: 1, y: 1, z: 1}
  m_Children:
  - {fileID: 458790}
  - {fileID: 440728}
  - {fileID: 421120}
  m_Father: {fileID: 412224}
  m_RootOrder: 0
--- !u!4 &448396
Transform:
  m_ObjectHideFlags: 1
  m_PrefabParentObject: {fileID: 0}
  m_PrefabInternal: {fileID: 100100000}
  m_GameObject: {fileID: 121420}
  m_LocalRotation: {x: .00198256783, y: -.0224340111, z: -.147008643, w: .988878787}
  m_LocalPosition: {x: -.241223633, y: 5.68434176e-16, z: -1.17239545e-15}
  m_LocalScale: {x: 1, y: 1, z: 1}
  m_Children:
  - {fileID: 482256}
  m_Father: {fileID: 461570}
  m_RootOrder: 0
--- !u!4 &448550
Transform:
  m_ObjectHideFlags: 1
  m_PrefabParentObject: {fileID: 0}
  m_PrefabInternal: {fileID: 100100000}
  m_GameObject: {fileID: 183698}
  m_LocalRotation: {x: -.00244673877, y: -.0156746097, z: .0872074291, w: .996063888}
  m_LocalPosition: {x: -.0425826348, y: 6.09720891e-16, z: 1.16573414e-17}
  m_LocalScale: {x: 1, y: 1, z: 1}
  m_Children:
  - {fileID: 408268}
  m_Father: {fileID: 427772}
  m_RootOrder: 0
--- !u!4 &449498
Transform:
  m_ObjectHideFlags: 1
  m_PrefabParentObject: {fileID: 0}
  m_PrefabInternal: {fileID: 100100000}
  m_GameObject: {fileID: 129096}
  m_LocalRotation: {x: -.00156968122, y: .0219776612, z: .163645178, w: .98627317}
  m_LocalPosition: {x: -.0585406236, y: -.00608164677, z: .0346414}
  m_LocalScale: {x: 1, y: 1, z: 1}
  m_Children:
  - {fileID: 481752}
  m_Father: {fileID: 482256}
  m_RootOrder: 2
--- !u!4 &449588
Transform:
  m_ObjectHideFlags: 1
  m_PrefabParentObject: {fileID: 0}
  m_PrefabInternal: {fileID: 100100000}
  m_GameObject: {fileID: 165074}
  m_LocalRotation: {x: .000962838181, y: .00568305282, z: -.0284045432, w: .999579906}
  m_LocalPosition: {x: .0306218471, y: -6.85156238e-07, z: -4.88441465e-08}
  m_LocalScale: {x: 1, y: 1, z: 1}
  m_Children:
  - {fileID: 431560}
  m_Father: {fileID: 469286}
  m_RootOrder: 0
--- !u!4 &450022
Transform:
  m_ObjectHideFlags: 1
  m_PrefabParentObject: {fileID: 0}
  m_PrefabInternal: {fileID: 100100000}
  m_GameObject: {fileID: 166468}
  m_LocalRotation: {x: -2.67499948e-34, y: .0855383724, z: 3.11578957e-33, w: .99633491}
  m_LocalPosition: {x: -.0826346204, y: -1.83485716e-17, z: 1.11022296e-17}
  m_LocalScale: {x: 1, y: 1, z: 1}
  m_Children:
  - {fileID: 483940}
  m_Father: {fileID: 466790}
  m_RootOrder: 0
--- !u!4 &451158
Transform:
  m_ObjectHideFlags: 1
  m_PrefabParentObject: {fileID: 0}
  m_PrefabInternal: {fileID: 100100000}
  m_GameObject: {fileID: 121052}
  m_LocalRotation: {x: 0, y: 0, z: 0, w: 1}
  m_LocalPosition: {x: 0, y: 0, z: 0}
  m_LocalScale: {x: 1, y: 1, z: 1}
  m_Children: []
  m_Father: {fileID: 444434}
  m_RootOrder: 0
--- !u!4 &453016
Transform:
  m_ObjectHideFlags: 1
  m_PrefabParentObject: {fileID: 0}
  m_PrefabInternal: {fileID: 100100000}
  m_GameObject: {fileID: 113718}
  m_LocalRotation: {x: 0, y: 0, z: 0, w: 1}
  m_LocalPosition: {x: 0, y: 0, z: 0}
  m_LocalScale: {x: 1, y: 1, z: 1}
  m_Children: []
  m_Father: {fileID: 444434}
  m_RootOrder: 5
--- !u!4 &455504
Transform:
  m_ObjectHideFlags: 1
  m_PrefabParentObject: {fileID: 0}
  m_PrefabInternal: {fileID: 100100000}
  m_GameObject: {fileID: 166784}
  m_LocalRotation: {x: -.00244673877, y: -.0156746097, z: .0872074291, w: .996063888}
  m_LocalPosition: {x: .0425820723, y: -2.8252889e-06, z: 6.25418117e-09}
  m_LocalScale: {x: 1, y: 1, z: 1}
  m_Children:
  - {fileID: 479944}
  m_Father: {fileID: 430958}
  m_RootOrder: 0
--- !u!4 &458548
Transform:
  m_ObjectHideFlags: 1
  m_PrefabParentObject: {fileID: 0}
  m_PrefabInternal: {fileID: 100100000}
  m_GameObject: {fileID: 119170}
  m_LocalRotation: {x: 0, y: 1.83392493e-16, z: -.0507763997, w: .998710036}
  m_LocalPosition: {x: -.155796543, y: -8.881784e-18, z: 2.55351284e-17}
  m_LocalScale: {x: 1, y: 1, z: 1}
  m_Children:
  - {fileID: 410322}
  m_Father: {fileID: 489830}
  m_RootOrder: 0
--- !u!4 &458790
Transform:
  m_ObjectHideFlags: 1
  m_PrefabParentObject: {fileID: 0}
  m_PrefabInternal: {fileID: 100100000}
  m_GameObject: {fileID: 119182}
  m_LocalRotation: {x: .707106829, y: -.707106829, z: 2.00307066e-16, w: -2.00307066e-16}
  m_LocalPosition: {x: -.185674801, y: -4.12280879e-17, z: -1.11952001e-16}
  m_LocalScale: {x: 1, y: 1, z: 1}
  m_Children: []
  m_Father: {fileID: 447132}
  m_RootOrder: 0
--- !u!4 &459280
Transform:
  m_ObjectHideFlags: 1
  m_PrefabParentObject: {fileID: 0}
  m_PrefabInternal: {fileID: 100100000}
  m_GameObject: {fileID: 109098}
  m_LocalRotation: {x: 0, y: 0, z: 0, w: 1}
  m_LocalPosition: {x: 0, y: 0, z: 0}
  m_LocalScale: {x: 1, y: 1, z: 1}
  m_Children: []
  m_Father: {fileID: 444434}
  m_RootOrder: 1
--- !u!4 &460746
Transform:
  m_ObjectHideFlags: 1
  m_PrefabParentObject: {fileID: 0}
  m_PrefabInternal: {fileID: 100100000}
  m_GameObject: {fileID: 136950}
  m_LocalRotation: {x: .00270144409, y: .0185408834, z: .0515278131, w: .998495817}
  m_LocalPosition: {x: .034757182, y: -2.06792174e-06, z: 3.7257621e-08}
  m_LocalScale: {x: 1, y: 1, z: 1}
  m_Children:
  - {fileID: 483614}
  m_Father: {fileID: 426952}
  m_RootOrder: 0
--- !u!4 &461570
Transform:
  m_ObjectHideFlags: 1
  m_PrefabParentObject: {fileID: 0}
  m_PrefabInternal: {fileID: 100100000}
  m_GameObject: {fileID: 128794}
  m_LocalRotation: {x: -.000490686682, y: -.0551169142, z: .0504360348, w: .997205138}
  m_LocalPosition: {x: -.285770953, y: -2.84217088e-16, z: 1.02140514e-16}
  m_LocalScale: {x: 1, y: 1, z: 1}
  m_Children:
  - {fileID: 448396}
  m_Father: {fileID: 408302}
  m_RootOrder: 0
--- !u!4 &461720
Transform:
  m_ObjectHideFlags: 1
  m_PrefabParentObject: {fileID: 0}
  m_PrefabInternal: {fileID: 100100000}
  m_GameObject: {fileID: 174604}
  m_LocalRotation: {x: -.000125830556, y: .0167031232, z: .00745607307, w: .99983269}
  m_LocalPosition: {x: -.465973049, y: 2.30926381e-16, z: 2.6645352e-17}
  m_LocalScale: {x: 1, y: 1, z: 1}
  m_Children:
  - {fileID: 489830}
  m_Father: {fileID: 472474}
  m_RootOrder: 0
--- !u!4 &462512
Transform:
  m_ObjectHideFlags: 1
  m_PrefabParentObject: {fileID: 0}
  m_PrefabInternal: {fileID: 100100000}
  m_GameObject: {fileID: 175408}
  m_LocalRotation: {x: .0010473755, y: .00668918528, z: -.040914882, w: .999139726}
  m_LocalPosition: {x: -.0202273894, y: -3.41239743e-16, z: 5.58580964e-18}
  m_LocalScale: {x: 1, y: 1, z: 1}
  m_Children:
  - {fileID: 473764}
  m_Father: {fileID: 481752}
  m_RootOrder: 0
--- !u!4 &462750
Transform:
  m_ObjectHideFlags: 1
  m_PrefabParentObject: {fileID: 0}
  m_PrefabInternal: {fileID: 100100000}
  m_GameObject: {fileID: 173690}
  m_LocalRotation: {x: -.141223416, y: .568800449, z: .692860723, w: -.420078605}
  m_LocalPosition: {x: .0287059229, y: -1.66071132e-07, z: 1.89209231e-06}
  m_LocalScale: {x: 1, y: 1, z: 1}
  m_Children: []
  m_Father: {fileID: 499260}
  m_RootOrder: 0
--- !u!4 &465282
Transform:
  m_ObjectHideFlags: 1
  m_PrefabParentObject: {fileID: 0}
  m_PrefabInternal: {fileID: 100100000}
  m_GameObject: {fileID: 108100}
  m_LocalRotation: {x: 9.30753522e-05, y: .00309390412, z: .0798791125, w: .996799767}
  m_LocalPosition: {x: .0401529446, y: 2.41445878e-06, z: 2.4208008e-08}
  m_LocalScale: {x: 1, y: 1, z: 1}
  m_Children:
  - {fileID: 488078}
  m_Father: {fileID: 410426}
  m_RootOrder: 0
--- !u!4 &466104
Transform:
  m_ObjectHideFlags: 1
  m_PrefabParentObject: {fileID: 0}
  m_PrefabInternal: {fileID: 100100000}
  m_GameObject: {fileID: 106942}
  m_LocalRotation: {x: .110689305, y: .993669569, z: .0021257773, w: -.0190833267}
  m_LocalPosition: {x: .0237078592, y: 2.96070152e-06, z: -2.96273175e-08}
  m_LocalScale: {x: 1, y: 1, z: 1}
  m_Children: []
  m_Father: {fileID: 479944}
  m_RootOrder: 0
--- !u!4 &466790
Transform:
  m_ObjectHideFlags: 1
  m_PrefabParentObject: {fileID: 0}
  m_PrefabInternal: {fileID: 100100000}
  m_GameObject: {fileID: 108338}
  m_LocalRotation: {x: -.5, y: .5, z: .5, w: .5}
  m_LocalPosition: {x: -0, y: 1.13947314e-17, z: .0413173102}
  m_LocalScale: {x: 1, y: 1, z: 1}
  m_Children:
  - {fileID: 450022}
  m_Father: {fileID: 483974}
  m_RootOrder: 2
--- !u!4 &469286
Transform:
  m_ObjectHideFlags: 1
  m_PrefabParentObject: {fileID: 0}
  m_PrefabInternal: {fileID: 100100000}
  m_GameObject: {fileID: 196922}
  m_LocalRotation: {x: .000848077412, y: .00576252257, z: .0500937738, w: .99872756}
  m_LocalPosition: {x: .0446118042, y: 3.56244823e-06, z: 3.49507552e-08}
  m_LocalScale: {x: 1, y: 1, z: 1}
  m_Children:
  - {fileID: 449588}
  m_Father: {fileID: 491776}
  m_RootOrder: 0
--- !u!4 &469946
Transform:
  m_ObjectHideFlags: 1
  m_PrefabParentObject: {fileID: 0}
  m_PrefabInternal: {fileID: 100100000}
  m_GameObject: {fileID: 183654}
  m_LocalRotation: {x: -.00143960025, y: .0590183064, z: -.0172133837, w: .998107433}
  m_LocalPosition: {x: .13570112, y: -6.56238853e-07, z: 5.08969267e-09}
  m_LocalScale: {x: 1, y: 1, z: 1}
  m_Children:
  - {fileID: 401182}
  m_Father: {fileID: 444160}
  m_RootOrder: 0
--- !u!4 &472474
Transform:
  m_ObjectHideFlags: 1
  m_PrefabParentObject: {fileID: 0}
  m_PrefabInternal: {fileID: 100100000}
  m_GameObject: {fileID: 126838}
  m_LocalRotation: {x: .499592572, y: .500322044, z: .5004071, w: -.499677777}
  m_LocalPosition: {x: .0908786729, y: -.031193601, z: -.0498530194}
  m_LocalScale: {x: 1, y: 1, z: 1}
  m_Children:
  - {fileID: 461720}
  m_Father: {fileID: 483974}
  m_RootOrder: 1
--- !u!4 &473454
Transform:
  m_ObjectHideFlags: 1
  m_PrefabParentObject: {fileID: 0}
  m_PrefabInternal: {fileID: 100100000}
  m_GameObject: {fileID: 156162}
  m_LocalRotation: {x: .499677777, y: .5004071, z: -.500322044, w: .499592572}
  m_LocalPosition: {x: -.0908786952, y: -.0311935544, z: -.049852524}
  m_LocalScale: {x: 1, y: 1, z: 1}
  m_Children:
  - {fileID: 499854}
  m_Father: {fileID: 483974}
  m_RootOrder: 0
--- !u!4 &473764
Transform:
  m_ObjectHideFlags: 1
  m_PrefabParentObject: {fileID: 0}
  m_PrefabInternal: {fileID: 100100000}
  m_GameObject: {fileID: 166288}
  m_LocalRotation: {x: .0571632534, y: .998362541, z: -.000122630721, w: .00214175927}
  m_LocalPosition: {x: -.0197169855, y: -4.008927e-16, z: -3.0531133e-18}
  m_LocalScale: {x: 1, y: 1, z: 1}
  m_Children: []
  m_Father: {fileID: 462512}
  m_RootOrder: 0
--- !u!4 &478604
Transform:
  m_ObjectHideFlags: 1
  m_PrefabParentObject: {fileID: 0}
  m_PrefabInternal: {fileID: 100100000}
  m_GameObject: {fileID: 133520}
  m_LocalRotation: {x: 0, y: 0, z: 0, w: 1}
  m_LocalPosition: {x: 0, y: .304799974, z: .1969008}
  m_LocalScale: {x: 1, y: 1, z: 1}
  m_Children:
  - {fileID: 496374}
  - {fileID: 403630}
  - {fileID: 446308}
  - {fileID: 424132}
  m_Father: {fileID: 444434}
  m_RootOrder: 7
--- !u!4 &479944
Transform:
  m_ObjectHideFlags: 1
  m_PrefabParentObject: {fileID: 0}
  m_PrefabInternal: {fileID: 100100000}
  m_GameObject: {fileID: 106778}
  m_LocalRotation: {x: .00199298654, y: .00843484234, z: -.0101500461, w: .999910951}
  m_LocalPosition: {x: .028295951, y: -5.97222152e-06, z: 2.61034074e-08}
  m_LocalScale: {x: 1, y: 1, z: 1}
  m_Children:
  - {fileID: 466104}
  m_Father: {fileID: 455504}
  m_RootOrder: 0
--- !u!4 &481340
Transform:
  m_ObjectHideFlags: 1
  m_PrefabParentObject: {fileID: 0}
  m_PrefabInternal: {fileID: 100100000}
  m_GameObject: {fileID: 120344}
  m_LocalRotation: {x: -.0021741672, y: .0310714096, z: .165026426, w: .985797226}
  m_LocalPosition: {x: -.0646433607, y: .00136426417, z: -.0119160209}
  m_LocalScale: {x: 1, y: 1, z: 1}
  m_Children:
  - {fileID: 428730}
  m_Father: {fileID: 482256}
  m_RootOrder: 1
--- !u!4 &481752
Transform:
  m_ObjectHideFlags: 1
  m_PrefabParentObject: {fileID: 0}
  m_PrefabInternal: {fileID: 100100000}
  m_GameObject: {fileID: 112020}
  m_LocalRotation: {x: .00270144409, y: .0185408834, z: .0515278131, w: .998495817}
  m_LocalPosition: {x: -.034757074, y: 6.24608878e-18, z: 4.71844766e-17}
  m_LocalScale: {x: 1, y: 1, z: 1}
  m_Children:
  - {fileID: 462512}
  m_Father: {fileID: 449498}
  m_RootOrder: 0
--- !u!4 &482256
Transform:
  m_ObjectHideFlags: 1
  m_PrefabParentObject: {fileID: 0}
  m_PrefabInternal: {fileID: 100100000}
  m_GameObject: {fileID: 163462}
  m_LocalRotation: {x: 0, y: 0, z: 0, w: 1}
  m_LocalPosition: {x: -.0212067831, y: -4.7508871e-16, z: 3.6082247e-18}
  m_LocalScale: {x: 1, y: 1, z: 1}
  m_Children:
  - {fileID: 483760}
  - {fileID: 481340}
  - {fileID: 449498}
  - {fileID: 427772}
  - {fileID: 497564}
  m_Father: {fileID: 448396}
  m_RootOrder: 0
--- !u!4 &483066
Transform:
  m_ObjectHideFlags: 1
  m_PrefabParentObject: {fileID: 0}
  m_PrefabInternal: {fileID: 100100000}
  m_GameObject: {fileID: 198342}
  m_LocalRotation: {x: .00612931279, y: .0814731121, z: -.0348254852, w: .996048093}
  m_LocalPosition: {x: -.024331281, y: -3.68151674e-16, z: -1.58206779e-17}
  m_LocalScale: {x: 1, y: 1, z: 1}
  m_Children:
  - {fileID: 430546}
  m_Father: {fileID: 492262}
  m_RootOrder: 0
--- !u!4 &483614
Transform:
  m_ObjectHideFlags: 1
  m_PrefabParentObject: {fileID: 0}
  m_PrefabInternal: {fileID: 100100000}
  m_GameObject: {fileID: 139866}
  m_LocalRotation: {x: .0010473755, y: .00668918528, z: -.040914882, w: .999139726}
  m_LocalPosition: {x: .0202282574, y: 5.87730938e-06, z: -2.533565e-08}
  m_LocalScale: {x: 1, y: 1, z: 1}
  m_Children:
  - {fileID: 412048}
  m_Father: {fileID: 460746}
  m_RootOrder: 0
--- !u!4 &483760
Transform:
  m_ObjectHideFlags: 1
  m_PrefabParentObject: {fileID: 0}
  m_PrefabInternal: {fileID: 100100000}
  m_GameObject: {fileID: 194532}
  m_LocalRotation: {x: -.000200563372, y: .0013948679, z: .0927838162, w: .995685279}
  m_LocalPosition: {x: -.0647830442, y: -.00310528395, z: -.034172684}
  m_LocalScale: {x: 1, y: 1, z: 1}
  m_Children:
  - {fileID: 492262}
  m_Father: {fileID: 482256}
  m_RootOrder: 0
--- !u!4 &483940
Transform:
  m_ObjectHideFlags: 1
  m_PrefabParentObject: {fileID: 0}
  m_PrefabInternal: {fileID: 100100000}
  m_GameObject: {fileID: 154754}
  m_LocalRotation: {x: -1.15636557e-33, y: .0373645499, z: 1.11136678e-16, w: .999301732}
  m_LocalPosition: {x: -.086532928, y: -1.89329962e-17, z: 3.33066888e-17}
  m_LocalScale: {x: 1, y: 1, z: 1}
  m_Children:
  - {fileID: 444160}
  - {fileID: 412224}
  - {fileID: 497468}
  m_Father: {fileID: 450022}
  m_RootOrder: 0
--- !u!4 &483974
Transform:
  m_ObjectHideFlags: 1
  m_PrefabParentObject: {fileID: 0}
  m_PrefabInternal: {fileID: 100100000}
  m_GameObject: {fileID: 178984}
  m_LocalRotation: {x: -.707106829, y: 0, z: -0, w: .707106829}
  m_LocalPosition: {x: -0, y: 1.03616548, z: .0155888451}
  m_LocalScale: {x: 1, y: 1, z: 1}
  m_Children:
  - {fileID: 473454}
  - {fileID: 472474}
  - {fileID: 466790}
  m_Father: {fileID: 405032}
  m_RootOrder: 0
--- !u!4 &488078
Transform:
  m_ObjectHideFlags: 1
  m_PrefabParentObject: {fileID: 0}
  m_PrefabInternal: {fileID: 100100000}
  m_GameObject: {fileID: 121206}
  m_LocalRotation: {x: .00612931279, y: .0814731121, z: -.0348254852, w: .996048093}
  m_LocalPosition: {x: .0243317783, y: -2.05908486e-06, z: -3.13674633e-08}
  m_LocalScale: {x: 1, y: 1, z: 1}
  m_Children:
  - {fileID: 428696}
  m_Father: {fileID: 465282}
  m_RootOrder: 0
--- !u!4 &489830
Transform:
  m_ObjectHideFlags: 1
  m_PrefabParentObject: {fileID: 0}
  m_PrefabInternal: {fileID: 100100000}
  m_GameObject: {fileID: 135892}
  m_LocalRotation: {x: -.580496132, y: -.428972155, z: -.41955778, w: .550434709}
  m_LocalPosition: {x: -.449678987, y: 5.3290704e-17, z: 3.99680272e-17}
  m_LocalScale: {x: 1, y: 1, z: 1}
  m_Children:
  - {fileID: 458548}
  m_Father: {fileID: 461720}
  m_RootOrder: 0
--- !u!4 &491418
Transform:
  m_ObjectHideFlags: 1
  m_PrefabParentObject: {fileID: 0}
  m_PrefabInternal: {fileID: 100100000}
  m_GameObject: {fileID: 183218}
  m_LocalRotation: {x: .00198256783, y: -.0224340111, z: -.147008643, w: .988878787}
  m_LocalPosition: {x: .241223976, y: 8.73467684e-07, z: -2.44075036e-08}
  m_LocalScale: {x: 1, y: 1, z: 1}
  m_Children:
  - {fileID: 436888}
  m_Father: {fileID: 401182}
  m_RootOrder: 0
--- !u!4 &491776
Transform:
  m_ObjectHideFlags: 1
  m_PrefabParentObject: {fileID: 0}
  m_PrefabInternal: {fileID: 100100000}
  m_GameObject: {fileID: 130986}
  m_LocalRotation: {x: -.0021741672, y: .0310714096, z: .165026426, w: .985797226}
  m_LocalPosition: {x: .0646448061, y: -.00137020194, z: .0119159874}
  m_LocalScale: {x: 1, y: 1, z: 1}
  m_Children:
  - {fileID: 469286}
  m_Father: {fileID: 436888}
  m_RootOrder: 1
--- !u!4 &492262
Transform:
  m_ObjectHideFlags: 1
  m_PrefabParentObject: {fileID: 0}
  m_PrefabInternal: {fileID: 100100000}
  m_GameObject: {fileID: 197214}
  m_LocalRotation: {x: 9.30753522e-05, y: .00309390412, z: .0798791125, w: .996799767}
  m_LocalPosition: {x: -.0401532724, y: 3.24026816e-16, z: -7.60502775e-17}
  m_LocalScale: {x: 1, y: 1, z: 1}
  m_Children:
  - {fileID: 483066}
  m_Father: {fileID: 483760}
  m_RootOrder: 0
--- !u!4 &496238
Transform:
  m_ObjectHideFlags: 1
  m_PrefabParentObject: {fileID: 0}
  m_PrefabInternal: {fileID: 100100000}
  m_GameObject: {fileID: 121924}
  m_LocalRotation: {x: .078051202, y: .0525095388, z: .209694296, w: .973231256}
  m_LocalPosition: {x: .0203708168, y: -4.89890795e-07, z: -4.63625156e-06}
  m_LocalScale: {x: 1, y: 1, z: 1}
  m_Children:
  - {fileID: 499260}
  m_Father: {fileID: 402440}
  m_RootOrder: 0
--- !u!4 &496374
Transform:
  m_ObjectHideFlags: 1
  m_PrefabParentObject: {fileID: 0}
  m_PrefabInternal: {fileID: 100100000}
  m_GameObject: {fileID: 139650}
  m_LocalRotation: {x: .500095665, y: -.114189588, z: .0667270124, w: .855811119}
  m_LocalPosition: {x: -.336320728, y: 1.62320507, z: .71817708}
  m_LocalScale: {x: 9.19260693, y: 9.19260693, z: 9.19260693}
  m_Children: []
  m_Father: {fileID: 478604}
  m_RootOrder: 0
--- !u!4 &497468
Transform:
  m_ObjectHideFlags: 1
  m_PrefabParentObject: {fileID: 0}
  m_PrefabInternal: {fileID: 100100000}
  m_GameObject: {fileID: 124686}
  m_LocalRotation: {x: -.0675539523, y: -.10578113, z: .701334417, w: .701695681}
  m_LocalPosition: {x: -.207462668, y: -.0274741743, z: -.0618972145}
  m_LocalScale: {x: 1, y: 1, z: 1}
  m_Children:
  - {fileID: 408302}
  m_Father: {fileID: 483940}
  m_RootOrder: 2
--- !u!4 &497564
Transform:
  m_ObjectHideFlags: 1
  m_PrefabParentObject: {fileID: 0}
  m_PrefabInternal: {fileID: 100100000}
  m_GameObject: {fileID: 197302}
  m_LocalRotation: {x: -.0409129746, y: -.467720002, z: .280233443, w: .837277353}
  m_LocalPosition: {x: .00412468379, y: -.0252114646, z: -.0301447976}
  m_LocalScale: {x: 1, y: 1, z: 1}
  m_Children:
  - {fileID: 432480}
  m_Father: {fileID: 482256}
  m_RootOrder: 4
--- !u!4 &497608
Transform:
  m_ObjectHideFlags: 1
  m_PrefabParentObject: {fileID: 0}
  m_PrefabInternal: {fileID: 100100000}
  m_GameObject: {fileID: 138806}
  m_LocalRotation: {x: .000962838181, y: .00568305282, z: -.0284045432, w: .999579906}
  m_LocalPosition: {x: -.0306219291, y: 2.63524285e-16, z: -6.661338e-18}
  m_LocalScale: {x: 1, y: 1, z: 1}
  m_Children:
  - {fileID: 406060}
  m_Father: {fileID: 428730}
  m_RootOrder: 0
--- !u!4 &499232
Transform:
  m_ObjectHideFlags: 1
  m_PrefabParentObject: {fileID: 0}
  m_PrefabInternal: {fileID: 100100000}
  m_GameObject: {fileID: 168390}
  m_LocalRotation: {x: -.580496132, y: -.428972155, z: -.41955778, w: .550434709}
  m_LocalPosition: {x: .449679047, y: -9.06841535e-09, z: 4.23580246e-08}
  m_LocalScale: {x: 1, y: 1, z: 1}
  m_Children:
  - {fileID: 499284}
  m_Father: {fileID: 499854}
  m_RootOrder: 0
--- !u!4 &499260
Transform:
  m_ObjectHideFlags: 1
  m_PrefabParentObject: {fileID: 0}
  m_PrefabInternal: {fileID: 100100000}
  m_GameObject: {fileID: 188524}
  m_LocalRotation: {x: -.0396137796, y: -.0658628568, z: -.102517113, w: .991757572}
  m_LocalPosition: {x: .034450829, y: 3.16176624e-07, z: -7.17061255e-07}
  m_LocalScale: {x: 1, y: 1, z: 1}
  m_Children:
  - {fileID: 462750}
  m_Father: {fileID: 496238}
  m_RootOrder: 0
--- !u!4 &499284
Transform:
  m_ObjectHideFlags: 1
  m_PrefabParentObject: {fileID: 0}
  m_PrefabInternal: {fileID: 100100000}
  m_GameObject: {fileID: 175962}
  m_LocalRotation: {x: 9.64208769e-35, y: 2.4317497e-17, z: -.0507763997, w: .998710036}
  m_LocalPosition: {x: .155796871, y: -1.55496011e-07, z: -8.58028741e-08}
  m_LocalScale: {x: 1, y: 1, z: 1}
  m_Children:
  - {fileID: 440634}
  m_Father: {fileID: 499232}
  m_RootOrder: 0
--- !u!4 &499854
Transform:
  m_ObjectHideFlags: 1
  m_PrefabParentObject: {fileID: 0}
  m_PrefabInternal: {fileID: 100100000}
  m_GameObject: {fileID: 130456}
  m_LocalRotation: {x: -.000125830556, y: .0167031232, z: .00745607307, w: .99983269}
  m_LocalPosition: {x: .465973496, y: 6.47039897e-08, z: 4.77421374e-08}
  m_LocalScale: {x: 1, y: 1, z: 1}
  m_Children:
  - {fileID: 499232}
  m_Father: {fileID: 473454}
  m_RootOrder: 0
--- !u!54 &5403402
Rigidbody:
  m_ObjectHideFlags: 1
  m_PrefabParentObject: {fileID: 0}
  m_PrefabInternal: {fileID: 100100000}
  m_GameObject: {fileID: 156162}
  serializedVersion: 2
  m_Mass: 14.0625
  m_Drag: 1
  m_AngularDrag: .0500000007
  m_UseGravity: 1
  m_IsKinematic: 0
  m_Interpolate: 0
  m_Constraints: 0
  m_CollisionDetection: 0
--- !u!54 &5417718
Rigidbody:
  m_ObjectHideFlags: 1
  m_PrefabParentObject: {fileID: 0}
  m_PrefabInternal: {fileID: 100100000}
  m_GameObject: {fileID: 179356}
  serializedVersion: 2
  m_Mass: 9.375
  m_Drag: 1
  m_AngularDrag: .0500000007
  m_UseGravity: 1
  m_IsKinematic: 0
  m_Interpolate: 0
  m_Constraints: 0
  m_CollisionDetection: 0
--- !u!54 &5424822
Rigidbody:
  m_ObjectHideFlags: 1
  m_PrefabParentObject: {fileID: 0}
  m_PrefabInternal: {fileID: 100100000}
  m_GameObject: {fileID: 174604}
  serializedVersion: 2
  m_Mass: 14.0625
  m_Drag: 1
  m_AngularDrag: .0500000007
  m_UseGravity: 1
  m_IsKinematic: 0
  m_Interpolate: 0
  m_Constraints: 0
  m_CollisionDetection: 0
--- !u!54 &5429684
Rigidbody:
  m_ObjectHideFlags: 1
  m_PrefabParentObject: {fileID: 0}
  m_PrefabInternal: {fileID: 100100000}
  m_GameObject: {fileID: 178984}
  serializedVersion: 2
  m_Mass: 23.4375
  m_Drag: 1
  m_AngularDrag: .0500000007
  m_UseGravity: 1
  m_IsKinematic: 0
  m_Interpolate: 0
  m_Constraints: 0
  m_CollisionDetection: 0
--- !u!54 &5435832
Rigidbody:
  m_ObjectHideFlags: 1
  m_PrefabParentObject: {fileID: 0}
  m_PrefabInternal: {fileID: 100100000}
  m_GameObject: {fileID: 128794}
  serializedVersion: 2
  m_Mass: 9.375
  m_Drag: 1
  m_AngularDrag: .0500000007
  m_UseGravity: 1
  m_IsKinematic: 0
  m_Interpolate: 0
  m_Constraints: 0
  m_CollisionDetection: 0
--- !u!54 &5447408
Rigidbody:
  m_ObjectHideFlags: 1
  m_PrefabParentObject: {fileID: 0}
  m_PrefabInternal: {fileID: 100100000}
  m_GameObject: {fileID: 130456}
  serializedVersion: 2
  m_Mass: 14.0625
  m_Drag: 1
  m_AngularDrag: .0500000007
  m_UseGravity: 1
  m_IsKinematic: 0
  m_Interpolate: 0
  m_Constraints: 0
  m_CollisionDetection: 0
--- !u!54 &5461926
Rigidbody:
  m_ObjectHideFlags: 1
  m_PrefabParentObject: {fileID: 0}
  m_PrefabInternal: {fileID: 100100000}
  m_GameObject: {fileID: 108456}
  serializedVersion: 2
  m_Mass: 9.375
  m_Drag: 1
  m_AngularDrag: .0500000007
  m_UseGravity: 1
  m_IsKinematic: 0
  m_Interpolate: 0
  m_Constraints: 0
  m_CollisionDetection: 0
--- !u!54 &5468392
Rigidbody:
  m_ObjectHideFlags: 1
  m_PrefabParentObject: {fileID: 0}
  m_PrefabInternal: {fileID: 100100000}
  m_GameObject: {fileID: 126838}
  serializedVersion: 2
  m_Mass: 14.0625
  m_Drag: 1
  m_AngularDrag: .0500000007
  m_UseGravity: 1
  m_IsKinematic: 0
  m_Interpolate: 0
  m_Constraints: 0
  m_CollisionDetection: 0
--- !u!54 &5472062
Rigidbody:
  m_ObjectHideFlags: 1
  m_PrefabParentObject: {fileID: 0}
  m_PrefabInternal: {fileID: 100100000}
  m_GameObject: {fileID: 199552}
  serializedVersion: 2
  m_Mass: 9.375
  m_Drag: 1
  m_AngularDrag: .0500000007
  m_UseGravity: 1
  m_IsKinematic: 0
  m_Interpolate: 0
  m_Constraints: 0
  m_CollisionDetection: 0
--- !u!54 &5473042
Rigidbody:
  m_ObjectHideFlags: 1
  m_PrefabParentObject: {fileID: 0}
  m_PrefabInternal: {fileID: 100100000}
  m_GameObject: {fileID: 108338}
  serializedVersion: 2
  m_Mass: 23.4375
  m_Drag: 1
  m_AngularDrag: .0500000007
  m_UseGravity: 1
  m_IsKinematic: 0
  m_Interpolate: 0
  m_Constraints: 0
  m_CollisionDetection: 0
--- !u!54 &5499498
Rigidbody:
  m_ObjectHideFlags: 1
  m_PrefabParentObject: {fileID: 0}
  m_PrefabInternal: {fileID: 100100000}
  m_GameObject: {fileID: 183654}
  serializedVersion: 2
  m_Mass: 9.375
  m_Drag: 1
  m_AngularDrag: .0500000007
  m_UseGravity: 1
  m_IsKinematic: 0
  m_Interpolate: 0
  m_Constraints: 0
  m_CollisionDetection: 0
--- !u!65 &6527516
BoxCollider:
  m_ObjectHideFlags: 1
  m_PrefabParentObject: {fileID: 0}
  m_PrefabInternal: {fileID: 100100000}
  m_GameObject: {fileID: 108338}
  m_Material: {fileID: 0}
  m_IsTrigger: 0
  m_Enabled: 1
  serializedVersion: 2
  m_Size: {x: .330000013, y: .270000011, z: .180000007}
  m_Center: {x: -.19258076, y: 4.76837158e-07, z: -.0500000007}
--- !u!65 &6538764
BoxCollider:
  m_ObjectHideFlags: 1
  m_PrefabParentObject: {fileID: 0}
  m_PrefabInternal: {fileID: 100100000}
  m_GameObject: {fileID: 178984}
  m_Material: {fileID: 0}
  m_IsTrigger: 0
  m_Enabled: 1
  serializedVersion: 2
  m_Size: {x: .330000013, y: .180000007, z: .0599999987}
  m_Center: {x: -4.76837158e-07, y: -.0155968219, z: -.00426784903}
--- !u!95 &9560240
Animator:
  serializedVersion: 3
  m_ObjectHideFlags: 1
  m_PrefabParentObject: {fileID: 0}
  m_PrefabInternal: {fileID: 100100000}
  m_GameObject: {fileID: 140902}
  m_Enabled: 1
  m_Avatar: {fileID: 9000000, guid: 768f5a5ba7f2a9b44b4940dfb43a2149, type: 3}
  m_Controller: {fileID: 9100000, guid: e2cf68ff4b1ffda45a77f7307dd789b9, type: 2}
  m_CullingMode: 1
  m_UpdateMode: 0
  m_ApplyRootMotion: 1
  m_LinearVelocityBlending: 0
  m_WarningMessage: 
  m_HasTransformHierarchy: 1
  m_AllowConstantClipSamplingOptimization: 1
--- !u!114 &11400710
MonoBehaviour:
  m_ObjectHideFlags: 1
  m_PrefabParentObject: {fileID: 0}
  m_PrefabInternal: {fileID: 100100000}
  m_GameObject: {fileID: 199552}
  m_Enabled: 1
  m_EditorHideFlags: 0
  m_Script: {fileID: 11500000, guid: 1b14c910039422645b51d875d6c66dca, type: 3}
  m_Name: 
  m_EditorClassIdentifier: 
  parent: {fileID: 11409736}
--- !u!114 &11409736
MonoBehaviour:
  m_ObjectHideFlags: 1
  m_PrefabParentObject: {fileID: 0}
  m_PrefabInternal: {fileID: 100100000}
  m_GameObject: {fileID: 140902}
  m_Enabled: 1
  m_EditorHideFlags: 0
  m_Script: {fileID: 11500000, guid: 541e72a613417b643b4f166828e2ec98, type: 3}
  m_Name: 
  m_EditorClassIdentifier: 
  explosion: {fileID: 11442888, guid: ff83a69372615b344b1b5dd9ca8d18f1, type: 2}
  allStickies:
  - {fileID: 11499910}
  - {fileID: 11437722}
  - {fileID: 11471630}
  - {fileID: 11410952}
  - {fileID: 11442792}
  - {fileID: 11442964}
  - {fileID: 11447306}
  - {fileID: 11471744}
  - {fileID: 11400710}
  - {fileID: 11487710}
  - {fileID: 11451656}
  drag: 1
--- !u!114 &11410952
MonoBehaviour:
  m_ObjectHideFlags: 1
  m_PrefabParentObject: {fileID: 0}
  m_PrefabInternal: {fileID: 100100000}
  m_GameObject: {fileID: 126838}
  m_Enabled: 1
  m_EditorHideFlags: 0
  m_Script: {fileID: 11500000, guid: 1b14c910039422645b51d875d6c66dca, type: 3}
  m_Name: 
  m_EditorClassIdentifier: 
  parent: {fileID: 11409736}
--- !u!114 &11437722
MonoBehaviour:
  m_ObjectHideFlags: 1
  m_PrefabParentObject: {fileID: 0}
  m_PrefabInternal: {fileID: 100100000}
  m_GameObject: {fileID: 156162}
  m_Enabled: 1
  m_EditorHideFlags: 0
  m_Script: {fileID: 11500000, guid: 1b14c910039422645b51d875d6c66dca, type: 3}
  m_Name: 
  m_EditorClassIdentifier: 
  parent: {fileID: 11409736}
--- !u!114 &11442792
MonoBehaviour:
  m_ObjectHideFlags: 1
  m_PrefabParentObject: {fileID: 0}
  m_PrefabInternal: {fileID: 100100000}
  m_GameObject: {fileID: 174604}
  m_Enabled: 1
  m_EditorHideFlags: 0
  m_Script: {fileID: 11500000, guid: 1b14c910039422645b51d875d6c66dca, type: 3}
  m_Name: 
  m_EditorClassIdentifier: 
  parent: {fileID: 11409736}
--- !u!114 &11442964
MonoBehaviour:
  m_ObjectHideFlags: 1
  m_PrefabParentObject: {fileID: 0}
  m_PrefabInternal: {fileID: 100100000}
  m_GameObject: {fileID: 108338}
  m_Enabled: 1
  m_EditorHideFlags: 0
  m_Script: {fileID: 11500000, guid: 1b14c910039422645b51d875d6c66dca, type: 3}
  m_Name: 
  m_EditorClassIdentifier: 
  parent: {fileID: 11409736}
--- !u!114 &11447306
MonoBehaviour:
  m_ObjectHideFlags: 1
  m_PrefabParentObject: {fileID: 0}
  m_PrefabInternal: {fileID: 100100000}
  m_GameObject: {fileID: 183654}
  m_Enabled: 1
  m_EditorHideFlags: 0
  m_Script: {fileID: 11500000, guid: 1b14c910039422645b51d875d6c66dca, type: 3}
  m_Name: 
  m_EditorClassIdentifier: 
  parent: {fileID: 11409736}
--- !u!114 &11451656
MonoBehaviour:
  m_ObjectHideFlags: 1
  m_PrefabParentObject: {fileID: 0}
  m_PrefabInternal: {fileID: 100100000}
  m_GameObject: {fileID: 128794}
  m_Enabled: 1
  m_EditorHideFlags: 0
  m_Script: {fileID: 11500000, guid: 1b14c910039422645b51d875d6c66dca, type: 3}
  m_Name: 
  m_EditorClassIdentifier: 
  parent: {fileID: 11409736}
--- !u!114 &11471630
MonoBehaviour:
  m_ObjectHideFlags: 1
  m_PrefabParentObject: {fileID: 0}
  m_PrefabInternal: {fileID: 100100000}
  m_GameObject: {fileID: 130456}
  m_Enabled: 1
  m_EditorHideFlags: 0
  m_Script: {fileID: 11500000, guid: 1b14c910039422645b51d875d6c66dca, type: 3}
  m_Name: 
  m_EditorClassIdentifier: 
  parent: {fileID: 11409736}
--- !u!114 &11471744
MonoBehaviour:
  m_ObjectHideFlags: 1
  m_PrefabParentObject: {fileID: 0}
  m_PrefabInternal: {fileID: 100100000}
  m_GameObject: {fileID: 108456}
  m_Enabled: 1
  m_EditorHideFlags: 0
  m_Script: {fileID: 11500000, guid: 1b14c910039422645b51d875d6c66dca, type: 3}
  m_Name: 
  m_EditorClassIdentifier: 
  parent: {fileID: 11409736}
--- !u!114 &11487710
MonoBehaviour:
  m_ObjectHideFlags: 1
  m_PrefabParentObject: {fileID: 0}
  m_PrefabInternal: {fileID: 100100000}
  m_GameObject: {fileID: 179356}
  m_Enabled: 1
  m_EditorHideFlags: 0
  m_Script: {fileID: 11500000, guid: 1b14c910039422645b51d875d6c66dca, type: 3}
  m_Name: 
  m_EditorClassIdentifier: 
  parent: {fileID: 11409736}
--- !u!114 &11499910
MonoBehaviour:
  m_ObjectHideFlags: 1
  m_PrefabParentObject: {fileID: 0}
  m_PrefabInternal: {fileID: 100100000}
  m_GameObject: {fileID: 178984}
  m_Enabled: 1
  m_EditorHideFlags: 0
  m_Script: {fileID: 11500000, guid: 1b14c910039422645b51d875d6c66dca, type: 3}
  m_Name: 
  m_EditorClassIdentifier: 
  parent: {fileID: 11409736}
--- !u!135 &13504120
SphereCollider:
  m_ObjectHideFlags: 1
  m_PrefabParentObject: {fileID: 0}
  m_PrefabInternal: {fileID: 100100000}
  m_GameObject: {fileID: 199552}
  m_Material: {fileID: 0}
  m_IsTrigger: 0
  m_Enabled: 1
  serializedVersion: 2
  m_Radius: .100000001
  m_Center: {x: -.0399999991, y: 0, z: 0}
--- !u!136 &13606790
CapsuleCollider:
  m_ObjectHideFlags: 1
  m_PrefabParentObject: {fileID: 0}
  m_PrefabInternal: {fileID: 100100000}
  m_GameObject: {fileID: 174604}
  m_Material: {fileID: 0}
  m_IsTrigger: 0
  m_Enabled: 1
  m_Radius: .0680000037
  m_Height: .479999989
  m_Direction: 0
  m_Center: {x: -.25350526, y: 0, z: 0}
--- !u!136 &13609236
CapsuleCollider:
  m_ObjectHideFlags: 1
  m_PrefabParentObject: {fileID: 0}
  m_PrefabInternal: {fileID: 100100000}
  m_GameObject: {fileID: 108456}
  m_Material: {fileID: 0}
  m_IsTrigger: 0
  m_Enabled: 1
  m_Radius: .0299999993
  m_Height: .360000014
  m_Direction: 0
  m_Center: {x: .211333305, y: 0, z: 0}
--- !u!136 &13645608
CapsuleCollider:
  m_ObjectHideFlags: 1
  m_PrefabParentObject: {fileID: 0}
  m_PrefabInternal: {fileID: 100100000}
  m_GameObject: {fileID: 156162}
  m_Material: {fileID: 0}
  m_IsTrigger: 0
  m_Enabled: 1
  m_Radius: .0799999982
  m_Height: .439999998
  m_Direction: 0
  m_Center: {x: .232986808, y: 0, z: 0}
--- !u!136 &13661856
CapsuleCollider:
  m_ObjectHideFlags: 1
  m_PrefabParentObject: {fileID: 0}
  m_PrefabInternal: {fileID: 100100000}
  m_GameObject: {fileID: 126838}
  m_Material: {fileID: 0}
  m_IsTrigger: 0
  m_Enabled: 1
  m_Radius: .0799999982
  m_Height: .439999998
  m_Direction: 0
  m_Center: {x: -.232986584, y: 0, z: 0}
--- !u!136 &13667332
CapsuleCollider:
  m_ObjectHideFlags: 1
  m_PrefabParentObject: {fileID: 0}
  m_PrefabInternal: {fileID: 100100000}
  m_GameObject: {fileID: 128794}
  m_Material: {fileID: 0}
  m_IsTrigger: 0
  m_Enabled: 1
  m_Radius: .0299999993
  m_Height: .360000014
  m_Direction: 0
  m_Center: {x: -.211333022, y: 0, z: 0}
--- !u!136 &13672018
CapsuleCollider:
  m_ObjectHideFlags: 1
  m_PrefabParentObject: {fileID: 0}
  m_PrefabInternal: {fileID: 100100000}
  m_GameObject: {fileID: 179356}
  m_Material: {fileID: 0}
  m_IsTrigger: 0
  m_Enabled: 1
  m_Radius: .0399999991
  m_Height: .25999999
  m_Direction: 0
  m_Center: {x: -.142885581, y: 0, z: 0}
--- !u!136 &13677966
CapsuleCollider:
  m_ObjectHideFlags: 1
  m_PrefabParentObject: {fileID: 0}
  m_PrefabInternal: {fileID: 100100000}
  m_GameObject: {fileID: 130456}
  m_Material: {fileID: 0}
  m_IsTrigger: 0
  m_Enabled: 1
  m_Radius: .0680000037
  m_Height: .479999989
  m_Direction: 0
  m_Center: {x: .253505319, y: 0, z: 0}
--- !u!136 &13683058
CapsuleCollider:
  m_ObjectHideFlags: 1
  m_PrefabParentObject: {fileID: 0}
  m_PrefabInternal: {fileID: 100100000}
  m_GameObject: {fileID: 183654}
  m_Material: {fileID: 0}
  m_IsTrigger: 0
  m_Enabled: 1
  m_Radius: .0399999991
  m_Height: .25999999
  m_Direction: 0
  m_Center: {x: .142885029, y: 0, z: 0}
--- !u!137 &13717552
SkinnedMeshRenderer:
  m_ObjectHideFlags: 1
  m_PrefabParentObject: {fileID: 0}
  m_PrefabInternal: {fileID: 100100000}
  m_GameObject: {fileID: 109098}
  m_Enabled: 1
  m_CastShadows: 1
  m_ReceiveShadows: 1
  m_Materials:
  - {fileID: 2100000, guid: 1d31f039960a6814abe93a062fbe0fd4, type: 2}
  m_SubsetIndices: 
  m_StaticBatchRoot: {fileID: 0}
  m_UseLightProbes: 1
  m_ReflectionProbeUsage: 1
  m_ProbeAnchor: {fileID: 0}
  m_ScaleInLightmap: 1
  m_PreserveUVs: 0
  m_ImportantGI: 0
  m_AutoUVMaxDistance: .5
  m_AutoUVMaxAngle: 89
  m_LightmapParameters: {fileID: 0}
  m_SortingLayerID: 0
  m_SortingOrder: 0
  serializedVersion: 2
  m_Quality: 0
  m_UpdateWhenOffscreen: 0
  m_Mesh: {fileID: 4300004, guid: 768f5a5ba7f2a9b44b4940dfb43a2149, type: 3}
  m_Bones:
  - {fileID: 447132}
  m_BlendShapeWeights: []
  m_RootBone: {fileID: 447132}
  m_AABB:
    m_Center: {x: -.0523659587, y: .0196073875, z: -.0694104731}
    m_Extent: {x: .00323468447, y: .00355029851, z: .00206169486}
  m_DirtyAABB: 0
--- !u!137 &13743232
SkinnedMeshRenderer:
  m_ObjectHideFlags: 1
  m_PrefabParentObject: {fileID: 0}
  m_PrefabInternal: {fileID: 100100000}
  m_GameObject: {fileID: 145422}
  m_Enabled: 1
  m_CastShadows: 1
  m_ReceiveShadows: 1
  m_Materials:
  - {fileID: 2100000, guid: 1d31f039960a6814abe93a062fbe0fd4, type: 2}
  m_SubsetIndices: 
  m_StaticBatchRoot: {fileID: 0}
  m_UseLightProbes: 1
  m_ReflectionProbeUsage: 1
  m_ProbeAnchor: {fileID: 0}
  m_ScaleInLightmap: 1
  m_PreserveUVs: 0
  m_ImportantGI: 0
  m_AutoUVMaxDistance: .5
  m_AutoUVMaxAngle: 89
  m_LightmapParameters: {fileID: 0}
  m_SortingLayerID: 0
  m_SortingOrder: 0
  serializedVersion: 2
  m_Quality: 0
  m_UpdateWhenOffscreen: 0
  m_Mesh: {fileID: 4300000, guid: 768f5a5ba7f2a9b44b4940dfb43a2149, type: 3}
  m_Bones:
  - {fileID: 447132}
  m_BlendShapeWeights: []
  m_RootBone: {fileID: 447132}
  m_AABB:
    m_Center: {x: .0234219432, y: -.000174984336, z: -.0492443591}
    m_Extent: {x: .011675179, y: .0252722688, z: .0367696732}
  m_DirtyAABB: 0
--- !u!137 &13753172
SkinnedMeshRenderer:
  m_ObjectHideFlags: 1
  m_PrefabParentObject: {fileID: 0}
  m_PrefabInternal: {fileID: 100100000}
  m_GameObject: {fileID: 113718}
  m_Enabled: 1
  m_CastShadows: 1
  m_ReceiveShadows: 1
  m_Materials:
  - {fileID: 2100000, guid: 1d31f039960a6814abe93a062fbe0fd4, type: 2}
  m_SubsetIndices: 
  m_StaticBatchRoot: {fileID: 0}
  m_UseLightProbes: 1
  m_ReflectionProbeUsage: 1
  m_ProbeAnchor: {fileID: 0}
  m_ScaleInLightmap: 1
  m_PreserveUVs: 0
  m_ImportantGI: 0
  m_AutoUVMaxDistance: .5
  m_AutoUVMaxAngle: 89
  m_LightmapParameters: {fileID: 0}
  m_SortingLayerID: 0
  m_SortingOrder: 0
  serializedVersion: 2
  m_Quality: 0
  m_UpdateWhenOffscreen: 0
  m_Mesh: {fileID: 4300002, guid: 768f5a5ba7f2a9b44b4940dfb43a2149, type: 3}
  m_Bones:
  - {fileID: 447132}
  m_BlendShapeWeights: []
  m_RootBone: {fileID: 447132}
  m_AABB:
    m_Center: {x: .0196513534, y: -3.58112156e-05, z: -.0400577113}
    m_Extent: {x: .0259497762, y: .0312098898, z: .0494228825}
  m_DirtyAABB: 0
--- !u!137 &13757944
SkinnedMeshRenderer:
  m_ObjectHideFlags: 1
  m_PrefabParentObject: {fileID: 0}
  m_PrefabInternal: {fileID: 100100000}
  m_GameObject: {fileID: 174792}
  m_Enabled: 1
  m_CastShadows: 1
  m_ReceiveShadows: 1
  m_Materials:
  - {fileID: 2100000, guid: 1d31f039960a6814abe93a062fbe0fd4, type: 2}
  m_SubsetIndices: 
  m_StaticBatchRoot: {fileID: 0}
  m_UseLightProbes: 1
  m_ReflectionProbeUsage: 1
  m_ProbeAnchor: {fileID: 0}
  m_ScaleInLightmap: 1
  m_PreserveUVs: 0
  m_ImportantGI: 0
  m_AutoUVMaxDistance: .5
  m_AutoUVMaxAngle: 89
  m_LightmapParameters: {fileID: 0}
  m_SortingLayerID: 0
  m_SortingOrder: 0
  serializedVersion: 2
  m_Quality: 0
  m_UpdateWhenOffscreen: 0
  m_Mesh: {fileID: 4300012, guid: 768f5a5ba7f2a9b44b4940dfb43a2149, type: 3}
  m_Bones:
  - {fileID: 483974}
  - {fileID: 466790}
  - {fileID: 450022}
  - {fileID: 483940}
  - {fileID: 412224}
  - {fileID: 447132}
  - {fileID: 497468}
  - {fileID: 408302}
  - {fileID: 461570}
  - {fileID: 448396}
  - {fileID: 482256}
  - {fileID: 481340}
  - {fileID: 428730}
  - {fileID: 497608}
  - {fileID: 497564}
  - {fileID: 432480}
  - {fileID: 429438}
  - {fileID: 449498}
  - {fileID: 481752}
  - {fileID: 462512}
  - {fileID: 483760}
  - {fileID: 492262}
  - {fileID: 483066}
  - {fileID: 427772}
  - {fileID: 448550}
  - {fileID: 408268}
  - {fileID: 444160}
  - {fileID: 469946}
  - {fileID: 401182}
  - {fileID: 491418}
  - {fileID: 436888}
  - {fileID: 491776}
  - {fileID: 469286}
  - {fileID: 449588}
  - {fileID: 402440}
  - {fileID: 496238}
  - {fileID: 499260}
  - {fileID: 426952}
  - {fileID: 460746}
  - {fileID: 483614}
  - {fileID: 410426}
  - {fileID: 465282}
  - {fileID: 488078}
  - {fileID: 430958}
  - {fileID: 455504}
  - {fileID: 479944}
  - {fileID: 472474}
  - {fileID: 461720}
  - {fileID: 489830}
  - {fileID: 458548}
  - {fileID: 473454}
  - {fileID: 499854}
  - {fileID: 499232}
  - {fileID: 499284}
  m_BlendShapeWeights: []
  m_RootBone: {fileID: 483974}
  m_AABB:
    m_Center: {x: -5.06639481e-07, y: -.0562165454, z: -.174062848}
    m_Extent: {x: .869432211, y: .198587269, z: .93195796}
  m_DirtyAABB: 0
--- !u!137 &13786172
SkinnedMeshRenderer:
  m_ObjectHideFlags: 1
  m_PrefabParentObject: {fileID: 0}
  m_PrefabInternal: {fileID: 100100000}
  m_GameObject: {fileID: 174534}
  m_Enabled: 1
  m_CastShadows: 1
  m_ReceiveShadows: 1
  m_Materials:
  - {fileID: 2100000, guid: 1d31f039960a6814abe93a062fbe0fd4, type: 2}
  m_SubsetIndices: 
  m_StaticBatchRoot: {fileID: 0}
  m_UseLightProbes: 1
  m_ReflectionProbeUsage: 1
  m_ProbeAnchor: {fileID: 0}
  m_ScaleInLightmap: 1
  m_PreserveUVs: 0
  m_ImportantGI: 0
  m_AutoUVMaxDistance: .5
  m_AutoUVMaxAngle: 89
  m_LightmapParameters: {fileID: 0}
  m_SortingLayerID: 0
  m_SortingOrder: 0
  serializedVersion: 2
  m_Quality: 0
  m_UpdateWhenOffscreen: 0
  m_Mesh: {fileID: 4300010, guid: 768f5a5ba7f2a9b44b4940dfb43a2149, type: 3}
  m_Bones:
  - {fileID: 421120}
  m_BlendShapeWeights: []
  m_RootBone: {fileID: 421120}
  m_AABB:
    m_Center: {x: -.00138866901, y: -1.86264515e-09, z: -2.81333923e-05}
    m_Extent: {x: .0121677546, y: .0156590212, z: .0164264478}
  m_DirtyAABB: 0
--- !u!137 &13788146
SkinnedMeshRenderer:
  m_ObjectHideFlags: 1
  m_PrefabParentObject: {fileID: 0}
  m_PrefabInternal: {fileID: 100100000}
  m_GameObject: {fileID: 121052}
  m_Enabled: 1
  m_CastShadows: 1
  m_ReceiveShadows: 1
  m_Materials:
  - {fileID: 2100000, guid: 1d31f039960a6814abe93a062fbe0fd4, type: 2}
  m_SubsetIndices: 
  m_StaticBatchRoot: {fileID: 0}
  m_UseLightProbes: 1
  m_ReflectionProbeUsage: 1
  m_ProbeAnchor: {fileID: 0}
  m_ScaleInLightmap: 1
  m_PreserveUVs: 0
  m_ImportantGI: 0
  m_AutoUVMaxDistance: .5
  m_AutoUVMaxAngle: 89
  m_LightmapParameters: {fileID: 0}
  m_SortingLayerID: 0
  m_SortingOrder: 0
  serializedVersion: 2
  m_Quality: 0
  m_UpdateWhenOffscreen: 0
  m_Mesh: {fileID: 4300006, guid: 768f5a5ba7f2a9b44b4940dfb43a2149, type: 3}
  m_Bones:
  - {fileID: 440728}
  m_BlendShapeWeights: []
  m_RootBone: {fileID: 440728}
  m_AABB:
    m_Center: {x: -.00121748075, y: .000380669255, z: -.00032377243}
    m_Extent: {x: .0121931797, y: .0156606995, z: .0162012614}
  m_DirtyAABB: 0
--- !u!137 &13797884
SkinnedMeshRenderer:
  m_ObjectHideFlags: 1
  m_PrefabParentObject: {fileID: 0}
  m_PrefabInternal: {fileID: 100100000}
  m_GameObject: {fileID: 120006}
  m_Enabled: 1
  m_CastShadows: 1
  m_ReceiveShadows: 1
  m_Materials:
  - {fileID: 2100000, guid: 1d31f039960a6814abe93a062fbe0fd4, type: 2}
  m_SubsetIndices: 
  m_StaticBatchRoot: {fileID: 0}
  m_UseLightProbes: 1
  m_ReflectionProbeUsage: 1
  m_ProbeAnchor: {fileID: 0}
  m_ScaleInLightmap: 1
  m_PreserveUVs: 0
  m_ImportantGI: 0
  m_AutoUVMaxDistance: .5
  m_AutoUVMaxAngle: 89
  m_LightmapParameters: {fileID: 0}
  m_SortingLayerID: 0
  m_SortingOrder: 0
  serializedVersion: 2
  m_Quality: 0
  m_UpdateWhenOffscreen: 0
  m_Mesh: {fileID: 4300008, guid: 768f5a5ba7f2a9b44b4940dfb43a2149, type: 3}
  m_Bones:
  - {fileID: 447132}
  m_BlendShapeWeights: []
  m_RootBone: {fileID: 447132}
  m_AABB:
    m_Center: {x: -.0523753166, y: -.0193539448, z: -.0696138963}
    m_Extent: {x: .00323188305, y: .00354926288, z: .00206168741}
  m_DirtyAABB: 0
--- !u!144 &14403864
CharacterJoint:
  m_ObjectHideFlags: 1
  m_PrefabParentObject: {fileID: 0}
  m_PrefabInternal: {fileID: 100100000}
  m_GameObject: {fileID: 179356}
  m_ConnectedBody: {fileID: 5473042}
  m_Anchor: {x: 0, y: 0, z: 0}
  m_Axis: {x: 0, y: 1, z: 0}
  m_AutoConfigureConnectedAnchor: 1
  m_ConnectedAnchor: {x: -.385161489, y: -.162976742, z: -.00202413998}
  serializedVersion: 2
  m_SwingAxis: {x: 0, y: 0, z: -1}
  m_TwistLimitSpring:
    spring: 0
    damper: 0
  m_LowTwistLimit:
    limit: -70
    bounciness: 0
    contactDistance: 0
  m_HighTwistLimit:
    limit: 10
    bounciness: 0
    contactDistance: 0
  m_SwingLimitSpring:
    spring: 0
    damper: 0
  m_Swing1Limit:
    limit: 50
    bounciness: 0
    contactDistance: 0
  m_Swing2Limit:
    limit: 0
    bounciness: 0
    contactDistance: 0
  m_EnableProjection: 0
  m_ProjectionDistance: .100000001
  m_ProjectionAngle: 180
  m_BreakForce: Infinity
  m_BreakTorque: Infinity
  m_EnableCollision: 0
  m_EnablePreprocessing: 0
--- !u!144 &14413466
CharacterJoint:
  m_ObjectHideFlags: 1
  m_PrefabParentObject: {fileID: 0}
  m_PrefabInternal: {fileID: 100100000}
  m_GameObject: {fileID: 130456}
  m_ConnectedBody: {fileID: 5403402}
  m_Anchor: {x: 0, y: 0, z: 0}
  m_Axis: {x: 0, y: 1, z: 0}
  m_AutoConfigureConnectedAnchor: 1
  m_ConnectedAnchor: {x: .465973616, y: -1.56578608e-08, z: 2.59155058e-07}
  serializedVersion: 2
  m_SwingAxis: {x: 0, y: 0, z: 1}
  m_TwistLimitSpring:
    spring: 0
    damper: 0
  m_LowTwistLimit:
    limit: -80
    bounciness: 0
    contactDistance: 0
  m_HighTwistLimit:
    limit: 0
    bounciness: 0
    contactDistance: 0
  m_SwingLimitSpring:
    spring: 0
    damper: 0
  m_Swing1Limit:
    limit: 0
    bounciness: 0
    contactDistance: 0
  m_Swing2Limit:
    limit: 0
    bounciness: 0
    contactDistance: 0
  m_EnableProjection: 0
  m_ProjectionDistance: .100000001
  m_ProjectionAngle: 180
  m_BreakForce: Infinity
  m_BreakTorque: Infinity
  m_EnableCollision: 0
  m_EnablePreprocessing: 0
--- !u!144 &14440378
CharacterJoint:
  m_ObjectHideFlags: 1
  m_PrefabParentObject: {fileID: 0}
  m_PrefabInternal: {fileID: 100100000}
  m_GameObject: {fileID: 183654}
  m_ConnectedBody: {fileID: 5473042}
  m_Anchor: {x: 0, y: 0, z: 0}
  m_Axis: {x: 0, y: -1, z: 0}
  m_AutoConfigureConnectedAnchor: 1
  m_ConnectedAnchor: {x: -.385157317, y: .162977219, z: -.00202413998}
  serializedVersion: 2
  m_SwingAxis: {x: 0, y: 0, z: 1}
  m_TwistLimitSpring:
    spring: 0
    damper: 0
  m_LowTwistLimit:
    limit: -70
    bounciness: 0
    contactDistance: 0
  m_HighTwistLimit:
    limit: 10
    bounciness: 0
    contactDistance: 0
  m_SwingLimitSpring:
    spring: 0
    damper: 0
  m_Swing1Limit:
    limit: 50
    bounciness: 0
    contactDistance: 0
  m_Swing2Limit:
    limit: 0
    bounciness: 0
    contactDistance: 0
  m_EnableProjection: 0
  m_ProjectionDistance: .100000001
  m_ProjectionAngle: 180
  m_BreakForce: Infinity
  m_BreakTorque: Infinity
  m_EnableCollision: 0
  m_EnablePreprocessing: 0
--- !u!144 &14448980
CharacterJoint:
  m_ObjectHideFlags: 1
  m_PrefabParentObject: {fileID: 0}
  m_PrefabInternal: {fileID: 100100000}
  m_GameObject: {fileID: 199552}
  m_ConnectedBody: {fileID: 5473042}
  m_Anchor: {x: 0, y: 0, z: 0}
  m_Axis: {x: 0, y: -1, z: 0}
  m_AutoConfigureConnectedAnchor: 1
  m_ConnectedAnchor: {x: -.532458067, y: 0, z: -.0511698611}
  serializedVersion: 2
  m_SwingAxis: {x: 0, y: 0, z: -1}
  m_TwistLimitSpring:
    spring: 0
    damper: 0
  m_LowTwistLimit:
    limit: -40
    bounciness: 0
    contactDistance: 0
  m_HighTwistLimit:
    limit: 25
    bounciness: 0
    contactDistance: 0
  m_SwingLimitSpring:
    spring: 0
    damper: 0
  m_Swing1Limit:
    limit: 25
    bounciness: 0
    contactDistance: 0
  m_Swing2Limit:
    limit: 0
    bounciness: 0
    contactDistance: 0
  m_EnableProjection: 0
  m_ProjectionDistance: .100000001
  m_ProjectionAngle: 180
  m_BreakForce: Infinity
  m_BreakTorque: Infinity
  m_EnableCollision: 0
  m_EnablePreprocessing: 0
--- !u!144 &14450008
CharacterJoint:
  m_ObjectHideFlags: 1
  m_PrefabParentObject: {fileID: 0}
  m_PrefabInternal: {fileID: 100100000}
  m_GameObject: {fileID: 174604}
  m_ConnectedBody: {fileID: 5468392}
  m_Anchor: {x: 0, y: 0, z: 0}
  m_Axis: {x: 0, y: 1, z: 0}
  m_AutoConfigureConnectedAnchor: 1
  m_ConnectedAnchor: {x: -.465973169, y: 3.86498868e-08, z: -1.56964234e-07}
  serializedVersion: 2
  m_SwingAxis: {x: 0, y: 0, z: -1}
  m_TwistLimitSpring:
    spring: 0
    damper: 0
  m_LowTwistLimit:
    limit: -80
    bounciness: 0
    contactDistance: 0
  m_HighTwistLimit:
    limit: 0
    bounciness: 0
    contactDistance: 0
  m_SwingLimitSpring:
    spring: 0
    damper: 0
  m_Swing1Limit:
    limit: 0
    bounciness: 0
    contactDistance: 0
  m_Swing2Limit:
    limit: 0
    bounciness: 0
    contactDistance: 0
  m_EnableProjection: 0
  m_ProjectionDistance: .100000001
  m_ProjectionAngle: 180
  m_BreakForce: Infinity
  m_BreakTorque: Infinity
  m_EnableCollision: 0
  m_EnablePreprocessing: 0
--- !u!144 &14451828
CharacterJoint:
  m_ObjectHideFlags: 1
  m_PrefabParentObject: {fileID: 0}
  m_PrefabInternal: {fileID: 100100000}
  m_GameObject: {fileID: 126838}
  m_ConnectedBody: {fileID: 5429684}
  m_Anchor: {x: 0, y: 0, z: 0}
  m_Axis: {x: 0, y: 1, z: 0}
  m_AutoConfigureConnectedAnchor: 1
  m_ConnectedAnchor: {x: .0908784866, y: -.0311936457, z: -.049853038}
  serializedVersion: 2
  m_SwingAxis: {x: 0, y: 0, z: -1}
  m_TwistLimitSpring:
    spring: 0
    damper: 0
  m_LowTwistLimit:
    limit: -20
    bounciness: 0
    contactDistance: 0
  m_HighTwistLimit:
    limit: 70
    bounciness: 0
    contactDistance: 0
  m_SwingLimitSpring:
    spring: 0
    damper: 0
  m_Swing1Limit:
    limit: 30
    bounciness: 0
    contactDistance: 0
  m_Swing2Limit:
    limit: 0
    bounciness: 0
    contactDistance: 0
  m_EnableProjection: 0
  m_ProjectionDistance: .100000001
  m_ProjectionAngle: 180
  m_BreakForce: Infinity
  m_BreakTorque: Infinity
  m_EnableCollision: 0
  m_EnablePreprocessing: 0
--- !u!144 &14473714
CharacterJoint:
  m_ObjectHideFlags: 1
  m_PrefabParentObject: {fileID: 0}
  m_PrefabInternal: {fileID: 100100000}
  m_GameObject: {fileID: 108456}
  m_ConnectedBody: {fileID: 5499498}
  m_Anchor: {x: 0, y: 0, z: 0}
  m_Axis: {x: 0, y: 0, z: 1}
  m_AutoConfigureConnectedAnchor: 1
  m_ConnectedAnchor: {x: .285770565, y: -6.51509617e-06, z: 7.4505806e-09}
  serializedVersion: 2
  m_SwingAxis: {x: 0, y: -1, z: 0}
  m_TwistLimitSpring:
    spring: 0
    damper: 0
  m_LowTwistLimit:
    limit: -90
    bounciness: 0
    contactDistance: 0
  m_HighTwistLimit:
    limit: 0
    bounciness: 0
    contactDistance: 0
  m_SwingLimitSpring:
    spring: 0
    damper: 0
  m_Swing1Limit:
    limit: 0
    bounciness: 0
    contactDistance: 0
  m_Swing2Limit:
    limit: 0
    bounciness: 0
    contactDistance: 0
  m_EnableProjection: 0
  m_ProjectionDistance: .100000001
  m_ProjectionAngle: 180
  m_BreakForce: Infinity
  m_BreakTorque: Infinity
  m_EnableCollision: 0
  m_EnablePreprocessing: 0
--- !u!144 &14491702
CharacterJoint:
  m_ObjectHideFlags: 1
  m_PrefabParentObject: {fileID: 0}
  m_PrefabInternal: {fileID: 100100000}
  m_GameObject: {fileID: 156162}
  m_ConnectedBody: {fileID: 5429684}
  m_Anchor: {x: 0, y: 0, z: 0}
  m_Axis: {x: 0, y: 1, z: 0}
  m_AutoConfigureConnectedAnchor: 1
  m_ConnectedAnchor: {x: -.0908784866, y: -.0311936457, z: -.0498525612}
  serializedVersion: 2
  m_SwingAxis: {x: 0, y: 0, z: 1}
  m_TwistLimitSpring:
    spring: 0
    damper: 0
  m_LowTwistLimit:
    limit: -20
    bounciness: 0
    contactDistance: 0
  m_HighTwistLimit:
    limit: 70
    bounciness: 0
    contactDistance: 0
  m_SwingLimitSpring:
    spring: 0
    damper: 0
  m_Swing1Limit:
    limit: 30
    bounciness: 0
    contactDistance: 0
  m_Swing2Limit:
    limit: 0
    bounciness: 0
    contactDistance: 0
  m_EnableProjection: 0
  m_ProjectionDistance: .100000001
  m_ProjectionAngle: 180
  m_BreakForce: Infinity
  m_BreakTorque: Infinity
  m_EnableCollision: 0
  m_EnablePreprocessing: 0
--- !u!144 &14496226
CharacterJoint:
  m_ObjectHideFlags: 1
  m_PrefabParentObject: {fileID: 0}
  m_PrefabInternal: {fileID: 100100000}
  m_GameObject: {fileID: 108338}
  m_ConnectedBody: {fileID: 5429684}
  m_Anchor: {x: 0, y: 0, z: 0}
  m_Axis: {x: 0, y: -1, z: 0}
  m_AutoConfigureConnectedAnchor: 1
  m_ConnectedAnchor: {x: 0, y: 7.98249502e-08, z: .0413173474}
  serializedVersion: 2
  m_SwingAxis: {x: 0, y: 0, z: -1}
  m_TwistLimitSpring:
    spring: 0
    damper: 0
  m_LowTwistLimit:
    limit: -20
    bounciness: 0
    contactDistance: 0
  m_HighTwistLimit:
    limit: 20
    bounciness: 0
    contactDistance: 0
  m_SwingLimitSpring:
    spring: 0
    damper: 0
  m_Swing1Limit:
    limit: 10
    bounciness: 0
    contactDistance: 0
  m_Swing2Limit:
    limit: 0
    bounciness: 0
    contactDistance: 0
  m_EnableProjection: 0
  m_ProjectionDistance: .100000001
  m_ProjectionAngle: 180
  m_BreakForce: Infinity
  m_BreakTorque: Infinity
  m_EnableCollision: 0
  m_EnablePreprocessing: 0
--- !u!144 &14496932
CharacterJoint:
  m_ObjectHideFlags: 1
  m_PrefabParentObject: {fileID: 0}
  m_PrefabInternal: {fileID: 100100000}
  m_GameObject: {fileID: 128794}
  m_ConnectedBody: {fileID: 5417718}
  m_Anchor: {x: 0, y: 0, z: 0}
  m_Axis: {x: 0, y: 0, z: -1}
  m_AutoConfigureConnectedAnchor: 1
  m_ConnectedAnchor: {x: -.285770684, y: 8.97998689e-08, z: -3.7252903e-08}
  serializedVersion: 2
  m_SwingAxis: {x: 0, y: 1, z: 0}
  m_TwistLimitSpring:
    spring: 0
    damper: 0
  m_LowTwistLimit:
    limit: -90
    bounciness: 0
    contactDistance: 0
  m_HighTwistLimit:
    limit: 0
    bounciness: 0
    contactDistance: 0
  m_SwingLimitSpring:
    spring: 0
    damper: 0
  m_Swing1Limit:
    limit: 0
    bounciness: 0
    contactDistance: 0
  m_Swing2Limit:
    limit: 0
    bounciness: 0
    contactDistance: 0
  m_EnableProjection: 0
  m_ProjectionDistance: .100000001
  m_ProjectionAngle: 180
  m_BreakForce: Infinity
  m_BreakTorque: Infinity
  m_EnableCollision: 0
  m_EnablePreprocessing: 0
--- !u!1001 &100100000
Prefab:
  m_ObjectHideFlags: 1
  serializedVersion: 2
  m_Modification:
    m_TransformParent: {fileID: 0}
    m_Modifications: []
    m_RemovedComponents: []
  m_ParentPrefab: {fileID: 0}
  m_RootGameObject: {fileID: 140902}
  m_IsPrefabParent: 1
